@article{EuropeanCommission2017,
    title = {{A European One Health Action Plan against Antimicrobial Resistance (AMR)}},
    year = {2017},
    journal = {European Commission},
    author = {{European Commission}},
    pages = {24},
    url = {https://ec.europa.eu/health/amr/sites/amr/files/amr_action_plan_2017_en.pdf}
}

@article{Akaike1974,
    title = {{A New Look at the Statistical Model Identification}},
    year = {1974},
    journal = {IEEE Transactions on Automatic Control},
    author = {Akaike, Hirotugu},
    number = {6},
    month = {12},
    pages = {716--723},
    volume = {19},
    url = {http://ieeexplore.ieee.org/document/1100705/},
    isbn = {0018-9286 VO - 19},
    doi = {10.1109/TAC.1974.1100705},
    issn = {15582523},
    pmid = {1100705},
    arxivId = {arXiv:1011.1669v3}
}

@article{Heugens2001,
    title = {{A Review of the Effects of Multiple Stressors on Aquatic Organisms and Analysis of Uncertainty Factors for Use in Risk Assessment}},
    year = {2001},
    journal = {Critical Reviews in Toxicology},
    author = {Heugens, Evelyn H. W. and Hendriks, A. Jan and Dekker, Tineke and Straalen, Nico M. van and Admiraal, Wim},
    number = {3},
    pages = {247--284},
    volume = {31},
    url = {http://www.tandfonline.com/doi/full/10.1080/20014091111695},
    isbn = {907689440X},
    doi = {10.1080/20014091111695},
    issn = {1040-8444},
    pmid = {11405441}
}

@article{Gallo2017,
    title = {{Adaptation of freshwater species to climate change}},
    year = {2017},
    journal = {Encyclopedia of Sustainable Technologies},
    author = {Gallo, Bruno and Jackson, Michelle C and O'Gorman, Eoin},
    number = {8},
    pages = {331--349},
    url = {http://linkinghub.elsevier.com/retrieve/pii/B9780124095489102027},
    isbn = {9780128047927},
    doi = {10.1016/B978-0-12-409548-9.10202-7}
}

@article{Pu2014a,
    title = {{Adaptation of microbial communities to multiple stressors associated with litter decomposition of Pterocarya stenoptera}},
    year = {2014},
    journal = {Journal of Environmental Sciences (China)},
    author = {Pu, Gaozhong and Tong, Jingjing and Su, Aimeng and Ma, Xu and Du, Jingjing and Lv, Yanna and Tian, Xingjun},
    number = {5},
    pages = {1001--1013},
    volume = {26},
    isbn = {1001-0742},
    doi = {10.1016/S1001-0742(13)60542-2},
    issn = {10010742},
    pmid = {25079630},
    keywords = {Community adaptation, Extracellular enzyme activity, Heavy metal and nutrient mixture, Leaf decomposition, Microbial community}
}

@article{Kelly2016,
    title = {{Adaptation to climate change: trade-offs among responses to multiple stressors in an intertidal crustacean}},
    year = {2016},
    journal = {Evolutionary Applications},
    author = {Kelly, Morgan W. and DeBiasse, Melissa B. and Villela, Vidal A. and Roberts, Hope L. and Cecola, Colleen F.},
    number = {9},
    pages = {1147--1155},
    volume = {9},
    isbn = {1752-4571},
    doi = {10.1111/eva.12394},
    issn = {17524571},
    pmid = {27695522},
    keywords = {adaptation, climate change, comparative physiology, contemporary evolution, ecological genetics, experimental evolution, transcriptomics}
}

@article{Schafer2018,
    title = {{Advancing understanding and prediction in multiple stressor research through a mechanistic basis for null models}},
    year = {2018},
    journal = {Global Change Biology},
    author = {Sch{\"{a}}fer, Ralf B. and Piggott, Jeremy J.},
    number = {5},
    month = {5},
    pages = {1817--1826},
    volume = {24},
    publisher = {Wiley/Blackwell (10.1111)},
    url = {http://doi.wiley.com/10.1111/gcb.14073},
    isbn = {0000000154871},
    doi = {10.1111/gcb.14073},
    issn = {13652486},
    pmid = {27935037},
    arxivId = {arXiv:physics/0608246v3},
    archivePrefix = {arXiv},
    eprint = {0608246v3},
    primaryClass = {physics},
    keywords = {antagonism, mechanism, mixtures, multiple stress, null models, stressors, synergism}
}

@article{Sokol-Hessner,
    title = {{Aggregate effects of multiple predator species on a shared prey}},
    journal = {Ecology},
    author = {Sokol-Hessner, L. and Schmitz, OJ.},
    pages = {2367--2372},
    volume = {83},
    doi = {10.1890/0012-9658(2002)083[2367:aeomps]2.0.co}
}

@misc{Pubchem2018,
    title = {{Amoxicillin}},
    year = {2018},
    author = {{Pubchem}},
    url = {https://pubchem.ncbi.nlm.nih.gov/compound/amoxicillin#section=Top}
}

@misc{Toku-E2018Am,
    title = {{Amoxicillin (Novamox, Amoxil)}},
    year = {2018},
    booktitle = {KnowledgeBase},
    author = {{Toku-E}},
    url = {http://antibiotics.toku-e.com/antimicrobial_326.html}
}

@article{Elizalde-velazquez2016,
    title = {{Amoxicillin in the Aquatic Environment, Its Fate and Environmental Risk}},
    year = {2016},
    journal = {Environmental Health Risk - Hazardous Factors to Living Species 1.},
    author = {Elizalde-vel{\'{a}}zquez, Armando and G{\'{o}}mez-oliv{\'{a}}n, Leobardo Manuel and Galar-mart{\'{i}}nez, Marcela and Islas-flores, Hariz and Dubl{\'{a}}n-Garc{\'{i}}a, Octavio and SanJuan-Reyes, Nely},
    pages = {247--267},
    doi = {10.5772/62049},
    keywords = {0, 2016 the author, 3, amoxicillin, analytical methods, and reproduction in any, attribution license, by, creativecommons, distribution, http, is properly cited, licensee intech, licenses, medium, occurrence, org, provided the original work, risk, s, the creative commons, this chapter is distributed, toxicology, under the terms of, which permits unrestricted use}
}

@article{Thompson2018,
    title = {{An improved null model for assessing the net effects of multiple stressors on communities}},
    year = {2018},
    journal = {Global Change Biology},
    author = {Thompson, Patrick L. and MacLennan, Megan M. and Vinebrooke, Rolf D.},
    number = {1},
    pages = {517--525},
    volume = {24},
    doi = {10.1111/gcb.13852},
    issn = {13652486},
    pmid = {28752533},
    keywords = {additive, antagonistic, community biomass, ecological surprises, environmental change, species richness, synergistic}
}

@article{Ocampo2014,
    title = {{Antagonism between bacteriostatic and bactericidal antibiotics is prevalent}},
    year = {2014},
    journal = {Antimicrobial Agents and Chemotherapy},
    author = {Ocampo, Paolo S and L{\'{a}}z{\'{a}}r, Viktória and Papp, Balázs and Arnoldini, Markus and Zur Wiesch, Pia Abel and Busa-Fekete, Róbert and Fekete, Gergely and P{\'{a}}l, Csaba and Ackermann, Martin and Bonhoeffer, Sebastian},
    number = {8},
    month = {8},
    pages = {4573--4582},
    volume = {58},
    url = {http://www.ncbi.nlm.nih.gov/pubmed/24867991 http://www.pubmedcentral.nih.gov/articlerender.fcgi?artid=PMC4135978},
    isbn = {1098-6596 (Electronic){\textbackslash}r0066-4804 (Linking)},
    doi = {10.1128/AAC.02463-14},
    issn = {10986596},
    pmid = {24867991}
}

@misc{Neslen2018,
    title = {{Antibiotic apocalypse: EU scraps plans to tackle drug pollution, despite fears of rising resistance}},
    year = {2018},
    booktitle = {Guardian},
    author = {Neslen, Arthur},
    month = {6},
    url = {https://www.theguardian.com/environment/2018/jun/01/antibiotic-apocalypse-eu-scraps-plans-to-tackle-drug-pollution-despite-fears-of-rising-resistance}
}

@article{Chait2007,
    title = {{Antibiotic interactions that select against resistance}},
    year = {2007},
    journal = {Nature},
    author = {Chait, Remy and Craney, Allison and Kishony, Roy},
    number = {7136},
    month = {4},
    pages = {668--671},
    volume = {446},
    url = {http://www.ncbi.nlm.nih.gov/pubmed/17410176},
    isbn = {1476-4687 (Electronic)},
    doi = {10.1038/nature05685},
    issn = {14764687},
    pmid = {17410176}
}

@article{Andreozzi2004,
    title = {{Antibiotics in the environment: Occurrence in Italian STPs, fate, and preliminary assessment on algal toxicity of amoxicillin}},
    year = {2004},
    journal = {Environmental Science and Technology},
    author = {Andreozzi, Roberto and Caprio, Vincenzo and Ciniglia, Claudia and De Champdor??, Marcella and Lo Giudice, Roberto and Marotta, Raffaele and Zuccato, Ettore},
    number = {24},
    pages = {6832--6838},
    volume = {38},
    isbn = {0013-936X},
    doi = {10.1021/es049509a},
    issn = {0013936X},
    pmid = {15669346}
}

@article{Larsson2014,
    title = {{Assessing risks and impacts of pharmaceuticals in the environment on wildlife and ecosystems}},
    year = {2014},
    journal = {Philosophical Transactions of the Royal Society B},
    author = {Larsson, D G Joakim},
    url = {http://dx.doi.org/10.1098/rstb.2013.0571},
    doi = {10.1098/rstb.2013.0571},
    keywords = {Subject Areas, environment, environmental science Keywords, management, manufacture, pharmaceuticals, risk}
}

@article{Grenni2018,
    title = {{Assessment of gemfibrozil persistence in river water alone and in co-presence of naproxen}},
    year = {2018},
    journal = {Microchemical Journal},
    author = {Grenni, P. and Patrolecco, L. and Ademollo, N. and Di Lenola, M. and Barra Caracciolo, A.},
    pages = {49--55},
    volume = {136},
    publisher = {Elsevier B.V.},
    url = {https://doi.org/10.1016/j.microc.2016.11.018},
    doi = {10.1016/j.microc.2016.11.018},
    issn = {0026265X},
    keywords = {Bacterial phylogenetic composition, Gemfibrozil biodegradation, Microcosm study, River microbial community}
}

@article{Shimabukuro1969,
    title = {{Atrazine metabolism, selectivity, and mode of action}},
    year = {1969},
    journal = {Journal of Agricultural and Food Chemistry},
    author = {Shimabukuro, Richard H. and Swanson, Harley R.},
    number = {2},
    pages = {199--205},
    volume = {17},
    doi = {10.1021/jf60162a044},
    issn = {15205118}
}

@article{Lagesson2016,
    title = {{Bioaccumulation of five pharmaceuticals at multiple trophic levels in an aquatic food web - Insights from a field experiment}},
    year = {2016},
    journal = {Science of the Total Environment},
    author = {Lagesson, A and Fahlman, J and Brodin, T and Fick, J and Jonsson, M and Bystr{\"{o}}m, P and Klaminder, J},
    pages = {208--215},
    volume = {568},
    url = {http://dx.doi.org/10.1016/j.scitotenv.2016.05.206},
    doi = {10.1016/j.scitotenv.2016.05.206},
    issn = {18791026},
    keywords = {Diclofenac, Hydroxyzine, Oxazepam, Risk assessment, Trophic transfer}
}

@misc{Ma2014,
    title = {{Bioassay based luminescent bacteria: Interferences, improvements, and applications}},
    year = {2014},
    booktitle = {Science of the Total Environment},
    author = {Ma, Xiaoyan Y. and Wang, Xiaochang C. and Ngo, Huu Hao and Guo, Wenshan and Wu, Maoni N. and Wang, Na},
    month = {1},
    pages = {1--11},
    volume = {468-469},
    publisher = {Elsevier},
    url = {https://www.sciencedirect.com/science/article/pii/S004896971300942X?via%3Dihub},
    isbn = {0048-9697},
    doi = {10.1016/j.scitotenv.2013.08.028},
    issn = {18791026},
    pmid = {23999158},
    keywords = {Acute toxicity, Aliivibrio fischeri, Bioassay, Contaminants, Luminescent bacteria toxicity assay}
}

@article{Wackett2002,
    title = {{Biodegradation of atrazine and related s-triazine compounds: From enzymes to field studies}},
    year = {2002},
    journal = {Applied Microbiology and Biotechnology},
    author = {Wackett, L. and Sadowsky, M. and Martinez, B. and Shapir, N.},
    number = {1},
    pages = {39--45},
    volume = {58},
    isbn = {0175-7598},
    doi = {10.1007/s00253-001-0862-y},
    issn = {01757598},
    pmid = {11831474}
}

@article{Sehnem2010,
    title = {{Biodegradation Of Tebuconazole By Bacteria Isolated From Contaminated Soils}},
    year = {2010},
    journal = {Journal of Environmental Science and Health Part B},
    author = {Sehnem, Nicole T and Souza-Cruz, Priscila and Do Carmo Peralba, Maria R and Z{\'{a}}chia Ayub, Marco A and Souza-Cruz, Priscila and Carmo R Peralba, Maria DO and Z, Marco A and Ayub, Achia},
    number = {1},
    pages = {67--72},
    volume = {45},
    url = {http://www.tandfonline.com/action/journalInformation?journalCode=lesb20},
    doi = {10.1080/03601230903404499},
    issn = {1532-4109},
    keywords = {Enterobacter sakazakii, Serratia sp, Tebuconazole, biodegradation, triazoles}
}

@article{Volpe2017,
    title = {{Biodegradation of UV-filters in marine sediments}},
    year = {2017},
    journal = {Science of the Total Environment},
    author = {Volpe, Angela and Pagano, Michele and Mascolo, Giuseppe and Grenni, Paola and Rossetti, Simona},
    pages = {448--457},
    volume = {575},
    isbn = {0048-9697},
    doi = {10.1016/j.scitotenv.2016.10.001},
    issn = {18791026},
    keywords = {Biodegradation, CARD-FISH, Marine sediments, Microcosms, UV-filters}
}

@article{Tilman2014,
    title = {{Biodiversity and Ecosystem Functioning}},
    year = {2014},
    journal = {Annual Review of Ecology, Evolution, and Systematics},
    author = {Tilman, David and Isbell, Forest and Cowles, Jane M},
    number = {1},
    pages = {471--493},
    volume = {45},
    url = {https://www.annualreviews.org/doi/pdf/10.1146/annurev-ecolsys-120213-091917 http://www.annualreviews.org/doi/10.1146/annurev-ecolsys-120213-091917},
    isbn = {0198515715},
    doi = {10.1146/annurev-ecolsys-120213-091917},
    issn = {1543-592X},
    pmid = {11679658},
    keywords = {biodiversity, coexistence, complementarity, ecosystem functioning, invasibility, niche differentiation, productivity, stability}
}

@article{MaryKensa2011,
    title = {{Bioremediation - An overview}},
    year = {2011},
    journal = {Journal of Industrial Pollution Control},
    author = {Mary Kensa, V.},
    number = {2},
    pages = {161--168},
    volume = {27},
    isbn = {0033-4545},
    doi = {10.1351/pac200173071163},
    issn = {09702083},
    pmid = {21152366},
    arxivId = {arXiv:1011.1669v3},
    keywords = {Bioremediation, Contaminants, Monitoring and saturation}
}

@article{Gadd2009,
    title = {{Biosorption: Critical review of scientific rationale, environmental importance and significance for pollution treatment}},
    year = {2009},
    journal = {Journal of Chemical Technology and Biotechnology},
    author = {Gadd, Geoffrey Michael},
    number = {1},
    month = {1},
    pages = {13--28},
    volume = {84},
    url = {http://doi.wiley.com/10.1002/jctb.1999},
    isbn = {1097-4660},
    doi = {10.1002/jctb.1999},
    issn = {02682575},
    pmid = {414},
    arxivId = {arXiv:1208.5721},
    keywords = {Adsorption, Algae, Bacteria, Bioremediation, Biosorbent, Biosorption, Dyes, Fungi, Organic wastes, Pollutants, Radionuclides, Toxic metals}
}

@article{Allen2010,
    title = {{Call of the wild: Antibiotic resistance genes in natural environments}},
    year = {2010},
    journal = {Nature Reviews Microbiology},
    author = {Allen, Heather K. and Donato, Justin and Wang, Helena Huimi and Cloud-Hansen, Karen A. and Davies, Julian and Handelsman, Jo},
    number = {4},
    pages = {251--259},
    volume = {8},
    publisher = {Nature Publishing Group},
    url = {http://dx.doi.org/10.1038/nrmicro2312},
    isbn = {1740-1534 (Electronic){\textbackslash}r1740-1526 (Linking)},
    doi = {10.1038/nrmicro2312},
    issn = {17401526},
    pmid = {20190823},
    arxivId = {arXiv:1011.1669v3}
}

@misc{CAS2015,
    title = {{CAS Registry 100 Millionth Fun Facts}},
    year = {2015},
    booktitle = {Accessed 20.05.2018},
    author = {{CAS}},
    url = {https://www.cas.org/support/documentation/chemical-substances/cas-registry-100-millionth-fun-facts support.cas.org/content/chemical-substances/cas-registry-100-millionth-fun-facts}
}

@article{Rebstock1949,
    title = {{Chloramphenicol (Chloromycetin)}},
    year = {1949},
    journal = {Journal of the American Chemical Society},
    author = {Rebstock, Mildred C. and Crooks, Harry M. and Controulis, John. and Bartz, Quentin R.},
    number = {7},
    pages = {2458--2462},
    volume = {71},
    url = {http://pubs.acs.org/doi/abs/10.1021/ja01175a065},
    doi = {10.1021/ja01175a065},
    issn = {0002-7863}
}

@misc{Toku-E2018Ch,
    title = {{Chloramphenicol (Chloromycetin)}},
    year = {2018},
    booktitle = {KnowledgeBase},
    author = {{Toku-E}},
    url = {http://antibiotics.toku-e.com/antimicrobial_507.html}
}

@article{Harrison2009,
    title = {{Chromosomal antioxidant genes have metal ion-specific roles as determinants of bacterial metal tolerance}},
    year = {2009},
    journal = {Environmental Microbiology},
    author = {Harrison, Joe J and Tremaroli, Valentina and Stan, Michelle A and Chan, Catherine S and Vacchi-Suzzi, Caterina and Heyne, Belinda J and Parsek, Matthew R and Ceri, Howard and Turner, Raymond J},
    number = {10},
    pages = {2491--2509},
    volume = {11},
    isbn = {1462-2912},
    doi = {10.1111/j.1462-2920.2009.01973.x},
    issn = {14622912},
    pmid = {19555372}
}

@misc{Crane2006,
    title = {{Chronic aquatic environmental risks from exposure to human pharmaceuticals}},
    year = {2006},
    booktitle = {Science of the Total Environment},
    author = {Crane, Mark and Watts, Chris and Boucard, Tatiana},
    number = {1},
    pages = {23--41},
    volume = {367},
    url = {https://ac.els-cdn.com/S0048969706003007/1-s2.0-S0048969706003007-main.pdf?_tid=b81eb5e2-deb4-11e7-9cd1-00000aab0f02&acdnat=1513025523_c592d683e285fcbf3f5ed0dd81d98c80},
    isbn = {0048-9697},
    doi = {10.1016/j.scitotenv.2006.04.010},
    issn = {00489697},
    pmid = {16762401},
    keywords = {Acute-to-chronic ratio, Chronic toxicity, Pharmaceuticals, Risk assessment}
}

@techreport{IPCC2014,
    title = {{Climate Change 2014 Synthesis Report Summary Chapter for Policymakers}},
    year = {2014},
    author = {{IPCC}},
    pages = {31},
    url = {https://www.ipcc.ch/pdf/assessment-report/ar5/syr/AR5_SYR_FINAL_SPM.pdf},
    isbn = {9781107661820},
    doi = {10.1017/CBO9781107415324},
    issn = {1476-4687},
    pmid = {17429376},
    arxivId = {arXiv:1011.1669v3},
    keywords = {Climate change}
}

@techreport{IPCC2014a,
    title = {{Climate Change 2014: Impacts, Adaptation and Vulnerability - Contributions of the Working Group II to the Fifth Assessment Report}},
    year = {2014},
    author = {{IPCC}},
    pages = {1--32},
    publisher = {Cambridge University Press},
    url = {https://www.ipcc.ch/pdf/assessment-report/ar5/wg2/ar5_wgII_spm_en.pdf},
    isbn = {9781139177245},
    doi = {10.1016/j.renene.2009.11.012},
    issn = {09601481},
    pmid = {12515354},
    arxivId = {arXiv:1011.1669v3},
    keywords = {adaptation, climate change impacts, vulnerability}
}

@misc{EU2004,
    title = {{Commission Decision of 10 March 2004 concerning the non-inclusion of atrazine in Annex I to Council Directive 91/414/EEC and the withdrawal of authorisations for plant protection products containing this active substance}},
    year = {2004},
    booktitle = {Official Journal of the European Union},
    author = {{EU}},
    number = {L78},
    pages = {53--55},
    volume = {47},
    keywords = {Approximation of laws, Plant health legislation, marketing standard, plant health product, withdrawal from the market}
}

@article{EuropeanCommission2012a,
    title = {{Communication from the Commission to the Council - The combination effects of chemicals. Chemical mixtures}},
    year = {2012},
    journal = {COM(2012) 252 final},
    author = {{European Commission}},
    pages = {10},
    url = {https://eur-lex.europa.eu/legal-content/EN/TXT/PDF/?uri=CELEX:52012DC0252&from=EN https://eur-lex.europa.eu/legal-content/EN/TXT/?uri=CELEX:52012DC0252},
    isbn = {COM(2012) 252 final},
    issn = {COM(2012) 252 final}
}

@article{Paine1998,
    title = {{Compounded Perturbations Yield Ecological Surprises}},
    year = {1998},
    journal = {Ecosystems},
    author = {Paine, Robert T. and Tegner, Mia J. and Johnson, Edward A.},
    number = {July},
    month = {11},
    pages = {535--545},
    volume = {1},
    publisher = {Springer-Verlag},
    url = {http://link.springer.com/10.1007/s100219900049},
    isbn = {1432-9840},
    doi = {10.1007/s100219900049},
    issn = {1432-9840},
    pmid = {9223372036854775808},
    keywords = {altered community states, dispersal, multiple disturbances, recovery intervals, scaling}
}

@article{Mighanetara2009,
    title = {{Contaminant fluxes from point and diffuse sources from abandoned mines in the River Tamar catchment, UK}},
    year = {2009},
    journal = {Journal of Geochemical Exploration},
    author = {Mighanetara, Krongkaew and Braungardt, Charlotte B. and Rieuwerts, John S. and Azizi, Fethi},
    number = {2-3},
    month = {2},
    pages = {116--124},
    volume = {100},
    publisher = {Elsevier},
    url = {https://www.sciencedirect.com/science/article/pii/S0375674208000447?via%3Dihub},
    isbn = {0375-6742},
    doi = {10.1016/j.gexplo.2008.03.003},
    issn = {03756742},
    pmid = {23858},
    keywords = {Diffuse contamination, Drainage, Flux, Metal mine, Point source, Tamar}
}

@article{Fick2009,
    title = {{Contamination of Surface, Ground, and Drinking Water from Pharmaceutical Production}},
    year = {2009},
    journal = {Environmental Toxicology and Chemistry},
    author = {Fick, Jerker and S{\"{o}}derstr{\"{o}}m, Hanna and Lindberg, Richard H. and Phan, Chau and Tysklind, Mats and Larsson, D.G. Joakim and Arsson, D G J Oakim L},
    number = {12},
    month = {12},
    pages = {2522--2527},
    volume = {28},
    publisher = {Wiley Periodicals, Inc.},
    url = {http://doi.wiley.com/10.1897/09-073.1},
    isbn = {0730-7268},
    doi = {10.1897/09-073.1},
    issn = {0730-7268},
    pmid = {19449981},
    keywords = {Antibiotic resistance, Fluoroquinolones, India, Industrial pollution, industrial pollution}
}

@article{Schafer2016,
    title = {{Contribution of organic toxicants to multiple stress in river ecosystems}},
    year = {2016},
    journal = {Freshwater Biology},
    author = {Sch{\"{a}}fer, Ralf B. and K{\"{u}}hn, Bernhard and Malaj, Egina and K{\"{o}}nig, Anne and Gergs, René},
    number = {12},
    pages = {2116--2128},
    volume = {61},
    isbn = {1365-2427},
    doi = {10.1111/fwb.12811},
    issn = {13652427},
    keywords = {global change, land use, multiple stressors, pesticides, rivers}
}

@article{Dupont2011,
    title = {{Copper toxicity and the origin of bacterial resistance - New insights and applications}},
    year = {2011},
    journal = {Metallomics},
    author = {Dupont, Christopher L. and Grass, Gregor and Rensing, Christopher},
    number = {11},
    pages = {1109--1118},
    volume = {3},
    isbn = {1756-591X (Electronic){\textbackslash}r1756-5901 (Linking)},
    doi = {10.1039/c1mt00107h},
    issn = {17565901},
    pmid = {21984219}
}

@article{Cohen1989,
    title = {{Cross-resistance to fluoroquinolones in multiple-antibiotic-resistant (Mar) Escherichia coli selected by tetracycline or chloramphenicol: Decreased drug accumulation associated with membrane changes in addition to OmpF reduction}},
    year = {1989},
    journal = {Antimicrobial Agents and Chemotherapy},
    author = {Cohen, S. P. and McMurry, L. M. and Hooper, D. C. and Wolfson, J. S. and Levy, S. B.},
    number = {8},
    pages = {1318--1325},
    volume = {33},
    isbn = {0066-4804 (Print){\textbackslash}r0066-4804 (Linking)},
    doi = {10.1128/AAC.33.8.1318},
    issn = {00664804},
    pmid = {2679373}
}

@misc{EPA2017,
    title = {{DDT - A Brief History and Status}},
    year = {2017},
    author = {{EPA}},
    url = {https://www.epa.gov/ingredients-used-pesticide-products/ddt-brief-history-and-status}
}

@article{BarraCaracciolo2018,
    title = {{Degradation of a fluoroquinolone antibiotic in an urbanized stretch of the River Tiber}},
    year = {2018},
    journal = {Microchemical Journal},
    author = {Barra Caracciolo, Anna and Grenni, Paola and Rauseo, Jasmin and Ademollo, Nicoletta and Cardoni, Martina and Rolando, Ludovica and Patrolecco, Luisa},
    pages = {43--48},
    volume = {136},
    publisher = {Elsevier B.V.},
    url = {https://doi.org/10.1016/j.microc.2016.12.008},
    doi = {10.1016/j.microc.2016.12.008},
    issn = {0026265X},
    keywords = {Biodegradation, Ciprofloxacin, Live cell abundance, Persistence, Photodegradation, River ecosystem}
}

@article{Hodgson2017,
    title = {{Density dependence governs when population responses to multiple stressors are magnified or mitigated}},
    year = {2017},
    journal = {Ecology},
    author = {Hodgson, Emma E. and Essington, Timothy E. and Halpern, Benjamin S.},
    number = {10},
    pages = {2673--2683},
    volume = {98},
    isbn = {0000000154871},
    doi = {10.1002/ecy.1961},
    issn = {00129658},
    pmid = {27935037},
    arxivId = {arXiv:physics/0608246v3},
    archivePrefix = {arXiv},
    eprint = {0608246v3},
    primaryClass = {physics},
    keywords = {Bayesian numerical methods, cumulative effects assessment, density dependence, environmental stressors, multiple stressors, non-additive effects, population modeling}
}

@article{Hustert1981,
    title = {{Der EPA-Test - eine Methode zur Bestimmung des photochemischen Abbaus von organischen Verbindungen in aquatischen Systemen}},
    year = {1981},
    journal = {Chemosphere},
    author = {Hustert, K and Mansour, M and Parlar, H and Korte, F},
    number = {9},
    pages = {995--998}
}

@article{Shore2014,
    title = {{Detection and drivers of exposure and effects of pharmaceuticals in higher vertebrates}},
    year = {2014},
    journal = {Philosophical Transactions of the Royal Society B: Biological Sciences},
    author = {Shore, Richard F and Taggart, Mark A and Smits, Judit and Mateo, Rafael and Richards, Ngaio L and Fryday, Steve},
    number = {1656},
    pages = {20130570--20130570},
    volume = {369},
    url = {http://dx.doi.org/10.1098/rstb.2013.0570 http://rstb.royalsocietypublishing.org/cgi/doi/10.1098/rstb.2013.0570},
    isbn = {0962-8436},
    doi = {10.1098/rstb.2013.0570},
    issn = {0962-8436},
    pmid = {25405960}
}

@article{OGParacelsus,
    title = {{Die dritte Defension wegen des Schreibens der neuen Rezepte}},
    year = {1538},
    journal = {Septem Defensiones},
    author = {Paracelsus, Theophrastus},
    pages = {508--513},
    volume = {2},
    url = {http://www.zeno.org/Philosophie/M/Paracelsus/Septem+Defensiones/Die+dritte+Defension+wegen+des+Schreibens+der+neuen+Rezepte}
}

@article{Brodin2013,
    title = {{Dilute Concentrations of a Psychiatric Drug Alter Behavior of Fish from Natural Populations}},
    year = {2013},
    journal = {Science},
    author = {Brodin, T and Fick, J and Jonsson, M and Klaminder, J},
    number = {6121},
    month = {2},
    pages = {814--815},
    volume = {339},
    publisher = {American Association for the Advancement of Science},
    url = {http://www.ncbi.nlm.nih.gov/pubmed/23413353 http://www.sciencemag.org/cgi/doi/10.1126/science.1226850},
    isbn = {0036-8075},
    doi = {10.1126/science.1226850},
    issn = {0036-8075},
    pmid = {23413353}
}

@article{Kirwan2014,
    title = {{Direct infusion mass spectrometry metabolomics dataset: a benchmark for data processing and quality control}},
    year = {2014},
    journal = {Scientific Data},
    author = {Kirwan, Jennifer A and Weber, Ralf J M and Broadhurst, David I and Viant, Mark R and Mallick, P.},
    month = {6},
    pages = {2534--2536},
    volume = {1},
    publisher = {Nature Publishing Group},
    url = {http://www.nature.com/articles/sdata201412},
    doi = {10.1038/sdata.2014.12},
    issn = {2052-4463}
}

@article{EU2000,
    title = {{Directive 2000/60/EC of the European Parliament and of the Council of 23 October 2000 establishing a framework for Community action in the field of water policy}},
    year = {2000},
    journal = {Official Journal of the European Parliament},
    author = {{EU}},
    number = {22.12.2000},
    pages = {1--82},
    volume = {L327},
    isbn = {ATBD X.X},
    doi = {10.1039/ap9842100196},
    issn = {0144557X},
    pmid = {2179},
    arxivId = {534}
}

@article{Kirwan2009,
    title = {{Diversity–interaction modeling: estimating contributions of species identities and interactions to ecosystem function}},
    year = {2009},
    journal = {Ecology},
    author = {Kirwan, L and Connolly, J and Finn, J A and Brophy, C and L{\"{u}}scher, A and Nyfeler, D and Sebasti{\`{a}}, M-T.},
    number = {8},
    pages = {2032--2038},
    volume = {90},
    publisher = {Wiley Online Library},
    url = {http:https://doi.org/10.1890/08-1684.1},
    doi = {10.1890/08-1684.1},
    issn = {1939-9170}
}

@article{Roose-Amsaleg2016,
    title = {{Do antibiotics have environmental side-effects? Impact of synthetic antibiotics on biogeochemical processes}},
    year = {2016},
    journal = {Environmental Science and Pollution Research},
    author = {Roose-Amsaleg, Céline and Laverman, Anniet M.},
    number = {5},
    pages = {4000--4012},
    volume = {23},
    isbn = {09441344 (ISSN)},
    doi = {10.1007/s11356-015-4943-3},
    issn = {16147499},
    pmid = {26150293},
    keywords = {Antibiotic, Biogeochemical processes, Environmentally relevant concentration, Microbial ecotoxicology}
}

@article{Ritz2015,
    title = {{Dose-response analysis using R}},
    year = {2015},
    journal = {PLoS ONE},
    author = {Ritz, Christian and Baty, Florent and Streibig, Jens C. and Gerhard, Daniel},
    number = {12},
    pages = {1--13},
    volume = {10},
    isbn = {1932-6203},
    doi = {10.1371/journal.pone.0146021},
    issn = {19326203},
    pmid = {26717316}
}

@misc{Wickham2018,
    title = {{dplyr: A Grammar of Data Manipulation}},
    year = {2018},
    author = {Wickham, Hadley and Fran{\c{c}}ois, Romain and Henry, Lionel and M{\"{u}}ller, Kirill},
    url = {https://cran.r-project.org/package=dplyr}
}

@article{Xie2017,
    title = {{Ecogenomic responses of benthic communities under multiple stressors along the marine and adjacent riverine areas of northern Bohai Sea, China}},
    year = {2017},
    journal = {Chemosphere},
    author = {Xie, Yuwei and Hong, Seongjin and Kim, Seonjin and Zhang, Xiaowei and Yang, Jianghua and Giesy, John P. and Wang, Tieyu and Lu, Yonglong and Yu, Hongxia and Khim, Jong Seong},
    month = {4},
    pages = {166--174},
    volume = {172},
    publisher = {Pergamon},
    url = {https://www.sciencedirect.com/science/article/pii/S0045653516318628?via%3Dihub},
    isbn = {0045-6535},
    doi = {10.1016/j.chemosphere.2016.12.121},
    issn = {18791298},
    pmid = {28068568},
    keywords = {Ecogenomics, Metals, Molecular ecology, Next generation sequencing, Organochlorine pesticide, Sediment quality assessment}
}

@article{Parmesan2006,
    title = {{Ecological and Evolutionary Responses to Recent Climate Change}},
    year = {2006},
    journal = {Annual Review of Ecology, Evolution, and Systematics},
    author = {Parmesan, Camille},
    number = {1},
    month = {12},
    pages = {637--669},
    volume = {37},
    publisher = {Annual Reviews},
    url = {http://www.annualreviews.org/doi/10.1146/annurev.ecolsys.37.091305.110100},
    isbn = {1543-592X},
    doi = {10.1146/annurev.ecolsys.37.091305.110100},
    issn = {1543-592X},
    pmid = {243038500023},
    keywords = {aquatic, global warming, phenology, range shift, terrestrial, trophic asynchrony}
}

@article{Grenni2018a,
    title = {{Ecological effects of antibiotics on natural ecosystems: A review}},
    year = {2018},
    journal = {Microchemical Journal},
    author = {Grenni, Paola and Ancona, Valeria and Barra Caracciolo, Anna},
    pages = {25--39},
    volume = {136},
    publisher = {Elsevier B.V.},
    url = {https://doi.org/10.1016/j.microc.2017.02.006},
    isbn = {0026-265X},
    doi = {10.1016/j.microc.2017.02.006},
    issn = {0026265X},
    keywords = {Antibiotic effects, Antibiotic resistance genes, Biodegradation, Natural microbial communities}
}

@inproceedings{Costanzo2005,
    title = {{Ecosystem response to antibiotics entering the aquatic environment}},
    year = {2005},
    booktitle = {Marine Pollution Bulletin},
    author = {Costanzo, Simon D. and Murby, John and Bates, John},
    month = {1},
    pages = {218--223},
    volume = {51},
    publisher = {Pergamon},
    url = {https://ac.els-cdn.com/S0025326X04003881/1-s2.0-S0025326X04003881-main.pdf?_tid=7039927e-d6ad-11e7-8a21-00000aacb35e&acdnat=1512142786_25245217ec65075b56ae5ca2e7c59065 https://www.sciencedirect.com/science/article/pii/S0025326X04003881},
    isbn = {0025-326X},
    doi = {10.1016/j.marpolbul.2004.10.038},
    issn = {0025326X},
    pmid = {15757723},
    arxivId = {arXiv:1011.1669v3},
    keywords = {Antibiotics, Aquatic, Bacteria, Denitrification, Pollution, Resistance}
}

@article{Peltzer2017,
    title = {{Ecotoxicity of veterinary enrofloxacin and ciprofloxacin antibiotics on anuran amphibian larvae}},
    year = {2017},
    journal = {Environmental Toxicology and Pharmacology},
    author = {Peltzer, Paola M and Lajmanovich, Rafael C and Attademo, Andres M and Junges, Celina M and Teglia, Carla M and Martinuzzi, Candela and Curi, Lucila and Culzoni, María J and Goicoechea, Hector C},
    pages = {114--123},
    volume = {51},
    url = {https://ac.els-cdn.com/S1382668917300297/1-s2.0-S1382668917300297-main.pdf?_tid=41520e68-deb5-11e7-9575-00000aab0f26&acdnat=1513025752_46ccce433613623f6674be649a737cb6 https://ac.els-cdn.com/S1382668917300297/1-s2.0-S1382668917300297-main.pdf?_tid=94b57be},
    doi = {10.1016/j.etap.2017.01.021},
    issn = {18727077},
    pmid = {28233700},
    keywords = {Amphibian, Antibiotics, Biomarkers, Development, Pharmaceuticals}
}

@article{Ferrari2003,
    title = {{Ecotoxicological impact of pharmaceuticals found in treated wastewaters: study of carbamazepine, clofibric acid, and diclofenac}},
    year = {2003},
    journal = {Ecotoxicology and Environmental Safety},
    author = {Ferrari, Benoı and Paxe{\'{u}}s, Nicklas and Giudice, Roberto Lo and Pollio, Antonino and Garric, Jeanne},
    pages = {359--370},
    volume = {55},
    keywords = {Discharge from sewage treatment plant, Ecotoxicity, Pharmaceuticals, Risk assessment}
}

@article{Pomati2006,
    title = {{Effects of a complex mixture of therapeutic drugs at environmental levels on human embryonic cells}},
    year = {2006},
    journal = {Environmental Science and Technology},
    author = {Pomati, Francesco and Castiglioni, Sara and Zuccato, Ettore and Fanelli, Roberto and Vigetti, Davide and Rossetti, Carlo and Calamari, Davide},
    number = {7},
    pages = {2442--2447},
    volume = {40},
    publisher = {American Chemical Society},
    url = {http://pubs.acs.org/doi/abs/10.1021/es051715a},
    doi = {10.1021/es051715a},
    issn = {0013936X}
}

@article{Vannini2011,
    title = {{Effects of a complex mixture of therapeutic drugs on unicellular algae Pseudokirchneriella subcapitata}},
    year = {2011},
    journal = {Aquatic Toxicology},
    author = {Vannini, Candida and Domingo, Guido and Marsoni, Milena and De Mattia, Fabrizio and Labra, Massimo and Castiglioni, Sara and Bracale, Marcella},
    number = {2},
    pages = {459--465},
    volume = {101},
    url = {https://ac.els-cdn.com/S0166445X10004169/1-s2.0-S0166445X10004169-main.pdf?_tid=5268e5e0-df0b-11e7-9576-00000aab0f26&acdnat=1513062718_dc15ed6608d6e3d10105774d41470fc0},
    isbn = {0166-445X},
    doi = {10.1016/j.aquatox.2010.10.011},
    issn = {0166445X},
    pmid = {21112099},
    keywords = {2-DE, AFLP, LC-MS/MS analysis, Pharmaceutical pollution Pseudokirchneriella subca}
}

@article{Hooper2005,
    title = {{Effects of biodiversity on ecosystem functioning: A consensus of current knowledge}},
    year = {2005},
    journal = {Ecological Monographs},
    author = {Hooper, D. U. and Chapin, F. S. and Ewel, J. J. and Hector, A. and Inchausti, P. and Lavorel, S. and Lawton, J. H. and Lodge, D. M. and Loreau, M. and Naeem, S. and Schmid, B. and Set{\"{a}}l{\"{a}}, H. and Symstad, A. J. and Vandermeer, J. and Wardle, D. A.},
    number = {1},
    month = {2},
    pages = {3--35},
    volume = {75},
    publisher = {Wiley-Blackwell},
    url = {http://doi.wiley.com/10.1890/04-0922},
    isbn = {9789012082754},
    doi = {10.1890/04-0922},
    issn = {00129615},
    pmid = {227254000001},
    arxivId = {arXiv:1011.1669v3},
    keywords = {Biodiversity, Complementary resource use, Ecosystem goods and services, Ecosystem processes, Ecosystem properties, Functional characteristics, Functional diversity, Net primary production, Sampling effect, Species extinction, Species invasions, Species richness}
}

@article{Triebskorn1998,
    title = {{Effects of orally and dermally applied methaldehyde on mucus of slugs (Deroceras reticulatum) depending on temperature and duration of exposure}},
    year = {1998},
    journal = {Journal of Molluscan Studies},
    author = {Triebskorn, Rita and Christensen, Kresten and Heim, Ignaz},
    number = {June},
    pages = {467--487},
    volume = {64},
    doi = {10.1093/mollus/64.4.467},
    issn = {0260-1230, 1464-3766}
}

@misc{Sih1998,
    title = {{Emergent impacts of multiple predators on prey}},
    year = {1998},
    booktitle = {Trends in Ecology and Evolution},
    author = {Sih, Andrew and Englund, Goran and Wooster, David},
    number = {9},
    month = {9},
    pages = {350--355},
    volume = {13},
    url = {http://www.ncbi.nlm.nih.gov/pubmed/21238339},
    isbn = {0169-5347},
    doi = {10.1016/S0169-5347(98)01437-2},
    issn = {01695347},
    pmid = {21238339},
    arxivId = {arXiv:1011.1669v3}
}

@article{Sokolova2013,
    title = {{Energy-limited tolerance to stress as a conceptual framework to integrate the effects of multiple stressors}},
    year = {2013},
    journal = {Integrative and Comparative Biology},
    author = {Sokolova, Inna M.},
    number = {4},
    pages = {597--608},
    volume = {53},
    isbn = {1540-7063},
    doi = {10.1093/icb/ict028},
    issn = {15407063},
    pmid = {23615362}
}

@article{Tekin2016,
    title = {{Enhanced identification of synergistic and antagonistic emergent interactions among three or more drugs}},
    year = {2016},
    journal = {Journal of the Royal Society Interface},
    author = {Tekin, Elif and Beppler, Casey and White, Cynthia and Mao, Zhiyuan and Savage, Van M and Yeh, Pamela J},
    number = {119},
    month = {6},
    pages = {20160332},
    volume = {13},
    publisher = {The Royal Society},
    url = {http://www.ncbi.nlm.nih.gov/pubmed/27278366 http://www.pubmedcentral.nih.gov/articlerender.fcgi?artid=PMC4938094},
    isbn = {0000000272},
    doi = {10.1098/rsif.2016.0332},
    issn = {17425662},
    pmid = {27278366},
    keywords = {Antibiotics, Drug resistance, Higher order interactions}
}

@article{PoYungLu1975,
    title = {{Environmental fate and biodegradability of benzene derivatives as studied in a model aquatic ecosystem}},
    year = {1975},
    journal = {Environmental Health Perspectives},
    author = {{Po Yung Lu} and Metcalf, R. L.},
    number = {April},
    pages = {269--284},
    volume = {Vol.10},
    isbn = {0091-6765 (Print)},
    doi = {10.1289/ehp.7510269},
    issn = {00916765},
    pmid = {1157796}
}

@article{Sacca2009,
    title = {{Environmental fate of the antiviral drug Tamiflu in two aquatic ecosystems}},
    year = {2009},
    journal = {Chemosphere},
    author = {Sacc{\`{a}}, Maria Ludovica and Accinelli, Cesare and Fick, Jerker and Lindberg, Richard and Olsen, Björn},
    number = {1},
    pages = {28--33},
    volume = {75},
    url = {https://ac.els-cdn.com/S0045653508014823/1-s2.0-S0045653508014823-main.pdf?_tid=6632e982-df05-11e7-afdd-00000aacb35d&acdnat=1513060174_319c67a1a6a44f4e97cb2ad530d7a609},
    isbn = {1879-1298 (Electronic){\textbackslash}n0045-6535 (Linking)},
    doi = {10.1016/j.chemosphere.2008.11.060},
    issn = {00456535},
    pmid = {19124147},
    keywords = {Avian influenza, Bird flu, Oseltamivir, Pharmaceuticals, Surface water}
}

@misc{Martinez2009,
    title = {{Environmental pollution by antibiotics and by antibiotic resistance determinants}},
    year = {2009},
    booktitle = {Environmental Pollution},
    author = {Martinez, Jose Luis},
    number = {11},
    pages = {2893--2902},
    volume = {157},
    url = {https://ac.els-cdn.com/S0269749109002942/1-s2.0-S0269749109002942-main.pdf?_tid=db15a980-d6ac-11e7-81f0-00000aab0f01&acdnat=1512142544_930d1988cf182f72f66759b8e3b6fbd8},
    isbn = {0269-7491},
    doi = {10.1016/j.envpol.2009.05.051},
    issn = {02697491},
    pmid = {19560847},
    keywords = {Antibiotic pollution, Antibiotic resistance, Aquaculture}
}

@article{Weisblum1995,
    title = {{Erythromycin resistance by ribosome modification}},
    year = {1995},
    journal = {Antimicrobial Agents and Chemotherapy},
    author = {Weisblum, B.},
    number = {3},
    pages = {577--585},
    volume = {39},
    isbn = {0066-4804},
    doi = {10.1128/AAC.39.3.577},
    issn = {00664804},
    pmid = {7793855}
}

@article{Adams2003,
    title = {{Establishing Causality between Environmental Stressors and Effects on Aquatic Ecosystems}},
    year = {2003},
    journal = {Human and Ecological Risk Assessment: An International Journal},
    author = {Adams, S. Marshall},
    number = {1},
    pages = {17--35},
    volume = {9},
    url = {http://www.tandfonline.com/doi/abs/10.1080/713609850},
    isbn = {1080-7039},
    doi = {10.1080/713609850},
    issn = {1080-7039}
}

@article{Schmidt2015,
    title = {{Evaluation of biological endpoints in crop plants after exposure to non-steroidal anti-inflammatory drugs (NSAIDs): Implications for phytotoxicological assessment of novel contaminants}},
    year = {2015},
    journal = {Ecotoxicology and Environmental Safety},
    author = {Schmidt, Wiebke and Redshaw, Clare H},
    pages = {212--222},
    volume = {112},
    url = {https://ac.els-cdn.com/S0147651314005132/1-s2.0-S0147651314005132-main.pdf?_tid=1c1e0428-df03-11e7-b832-00000aab0f6c&acdnat=1513059199_d1f0d09bb1b77b0c12713529cf60d63c},
    isbn = {0147-6513},
    doi = {10.1016/j.ecoenv.2014.11.008},
    issn = {10902414},
    pmid = {25463873},
    keywords = {Development, Germination, Non-steroidal anti-inflammatory drugs (NSAIDs), Pharmaceutical, Phytotoxicity, Plant}
}

@article{Deegan1997,
    title = {{Evidence for spatial variability in estuarine food webs}},
    year = {1997},
    journal = {Marine Ecology-Progress Series},
    author = {Deegan, L A and Garritt, R H},
    number = {1-3},
    pages = {31--47},
    volume = {147},
    isbn = {0171-8630},
    doi = {10.3354/meps147031},
    issn = {01718630},
    pmid = {4214061},
    keywords = {benthic, detritus, elements, emergent vegetation, fish, invertebrate, phytoplankton}
}

@article{Wedekind2014,
    title = {{Fish populations surviving estrogen pollution}},
    year = {2014},
    journal = {BMC Biology},
    author = {Wedekind, Claus},
    number = {1},
    pages = {10},
    volume = {12},
    url = {http://www.biomedcentral.com/1741-7007/12/1 http://bmcbiol.biomedcentral.com/articles/10.1186/1741-7007-12-10},
    doi = {10.1186/1741-7007-12-10},
    issn = {1741-7007},
    pmid = {24512617}
}

@article{Yvon-Durocher2015,
    title = {{Five Years of Experimental Warming Increases the Biodiversity and Productivity of Phytoplankton}},
    year = {2015},
    journal = {PLoS Biology},
    author = {Yvon-Durocher, Gabriel and Allen, Andrew P. and Cellamare, Maria and Dossena, Matteo and Gaston, Kevin J. and Leitao, Maria and Montoya, José M. and Reuman, Daniel C. and Woodward, Guy and Trimmer, Mark},
    number = {12},
    pages = {1--22},
    volume = {13},
    isbn = {1545-7885 (Electronic)1544-9173 (Linking)},
    doi = {10.1371/journal.pbio.1002324},
    issn = {15457885},
    pmid = {26680314}
}

@article{Cohen2009,
    title = {{Food webs are more than the sum of their tritrophic parts}},
    year = {2009},
    journal = {Proceedings of the National Academy of Sciences},
    author = {Cohen, J. E. and Schittler, D. N. and Raffaelli, D. G. and Reuman, D. C.},
    number = {52},
    pages = {22335--22340},
    volume = {106},
    url = {http://www.pnas.org/cgi/doi/10.1073/pnas.0910582106},
    isbn = {0910582106},
    doi = {10.1073/pnas.0910582106},
    issn = {0027-8424},
    pmid = {20018774},
    arxivId = {arXiv:1408.1149}
}

@misc{Wickham2018a,
    title = {{forcats: Tools for Working with Categorical Variables (Factors)}},
    year = {2018},
    author = {Wickham, Hadley},
    url = {https://cran.r-project.org/package=forcats}
}

@inproceedings{Gessner2016,
    title = {{Fostering integration of freshwater ecology with ecotoxicology}},
    year = {2016},
    booktitle = {Freshwater Biology},
    author = {Gessner, Mark O. and Tlili, Ahmed},
    month = {12},
    pages = {1991--2001},
    volume = {61},
    publisher = {Wiley/Blackwell (10.1111)},
    url = {http://doi.wiley.com/10.1111/fwb.12852},
    doi = {10.1111/fwb.12852},
    issn = {13652427},
    keywords = {biomonitoring, chemical contaminants, ecosystem processes, multiple stressors, trophic interactions, water pollution}
}

@article{Yeh2006,
    title = {{Functional classification of drugs by properties of their pairwise interactions}},
    year = {2006},
    journal = {Nature Genetics},
    author = {Yeh, Pamela and Tschumi, Ariane I and Kishony, Roy},
    number = {4},
    month = {4},
    pages = {489--494},
    volume = {38},
    url = {http://www.ncbi.nlm.nih.gov/pubmed/16550172},
    isbn = {1061-4036 (Print){\textbackslash}n1061-4036 (Linking)},
    doi = {10.1038/ng1755},
    issn = {10614036},
    pmid = {16550172}
}

@article{Wang2011,
    title = {{Fur and the novel regulator yqji control transcription of the ferric reductase gene yqjh in escherichia coli}},
    year = {2011},
    journal = {Journal of Bacteriology},
    author = {Wang, Suning and Wu, Yun and Outten, F. Wayne},
    number = {2},
    pages = {563--574},
    volume = {193},
    isbn = {1098-5530 (Electronic){\textbackslash}r0021-9193 (Linking)},
    doi = {10.1128/JB.01062-10},
    issn = {00219193},
    pmid = {21097627}
}

@inproceedings{Thompson2016,
    title = {{Gene-to-ecosystem impacts of a catastrophic pesticide spill: testing a multilevel bioassessment approach in a river ecosystem}},
    year = {2016},
    booktitle = {Freshwater Biology},
    author = {Thompson, Murray S.A. and Bankier, Claire and Bell, Thomas and Dumbrell, Alex J. and Gray, Clare and Ledger, Mark E. and Lehmann, Katja and McKew, Boyd A. and Sayer, Carl D. and Shelley, Felicity and Trimmer, Mark and Warren, Scott L. and Woodward, Guy},
    pages = {2037--2050},
    volume = {61},
    isbn = {1365-2427},
    doi = {10.1111/fwb.12676},
    issn = {13652427},
    keywords = {biomonitoring, ecosystem function, food web, functional gene abundance, pesticide}
}

@article{Tanaka2017,
    title = {{Generalized concentration addition approach for predicting mixture toxicity}},
    year = {2017},
    journal = {Environmental Toxicology and Chemistry},
    author = {Tanaka, Yoshinari and Tada, Mitsuru},
    number = {1},
    month = {1},
    pages = {265--275},
    volume = {36},
    publisher = {Wiley-Blackwell},
    url = {http://doi.wiley.com/10.1002/etc.3503},
    doi = {10.1002/etc.3503},
    issn = {15528618},
    pmid = {27216969},
    keywords = {Compound effect, Concentration addition, Mixture effect, Mixture model, Mixture toxicology}
}

@article{Groh2007,
    title = {{Genes that enhance the ecological fitness of Shewanella oneidensis MR-1 in sediments reveal the value of antibiotic resistance}},
    year = {2007},
    journal = {Applied and Environmental Microbiology},
    author = {Groh, Jennifer L. and Luo, Qingwei and Ballard, Jimmy D. and Krumholz, Lee R.},
    number = {2},
    pages = {492--498},
    volume = {73},
    isbn = {0099-2240 (Print){\textbackslash}r0099-2240 (Linking)},
    doi = {10.1128/AEM.01086-06},
    issn = {00992240},
    pmid = {17114320}
}

@article{Roger2012,
    title = {{Genetic Diversity and Ecosystem Functioning in the Face of Multiple Stressors}},
    year = {2012},
    journal = {PLoS ONE},
    author = {Roger, Fabian and Godhe, Anna and Gamfeldt, Lars},
    number = {9},
    volume = {7},
    url = {http://journals.plos.org/plosone/article/file?id=10.1371/journal.pone.0045007&type=printable},
    isbn = {1932-6203},
    doi = {10.1371/journal.pone.0045007},
    issn = {19326203},
    pmid = {23028735}
}

@book{Wickham2016,
    title = {{ggplot2: Elegant Graphics for Data Analysis}},
    year = {2016},
    author = {Wickham, Hadley},
    publisher = {Springer-Verlag New York},
    url = {http://ggplot2.org},
    isbn = {978-3-319-24277-4}
}

@misc{Kassambara2018,
    title = {{ggpubr: 'ggplot2' Based Publication Ready Plots}},
    year = {2018},
    author = {Kassambara, Alboukadel},
    url = {https://cran.r-project.org/package=ggpubr}
}

@misc{Murrell2014,
    title = {{gridBase: Integration of base and grid graphics}},
    year = {2014},
    author = {Murrell, Paul},
    url = {https://cran.r-project.org/package=gridBase}
}

@misc{Auguie2017,
    title = {{gridExtra: Miscellaneous Functions for "Grid" Graphics}},
    year = {2017},
    author = {Auguie, Baptiste},
    url = {https://cran.r-project.org/package=gridExtra}
}

@article{Hall2014,
    title = {{Growth rates made easy}},
    year = {2014},
    journal = {Molecular Biology and Evolution},
    author = {Hall, Barry G. and Acar, Hande and Nandipati, Anna and Barlow, Miriam},
    number = {1},
    month = {1},
    pages = {232--238},
    volume = {31},
    publisher = {Oxford University Press},
    url = {https://academic.oup.com/mbe/article-lookup/doi/10.1093/molbev/mst187},
    isbn = {0737-4038},
    doi = {10.1093/molbev/mst187},
    issn = {07374038},
    pmid = {24170494},
    keywords = {adaptation, fitness, growth rates}
}

@article{Cuevas2018,
    title = {{Growth Score: a single metric to define growth in 96-well phenotype assays}},
    year = {2018},
    journal = {PeerJ},
    author = {Cuevas, Daniel A. and Edwards, Robert A.},
    month = {4},
    pages = {e4681},
    volume = {6},
    publisher = {PeerJ Inc.},
    url = {https://peerj.com/articles/4681},
    doi = {10.7717/peerj.4681},
    issn = {2167-8359},
    keywords = {Bacteria phenotype, Bacterial growth, Phenotype microarrays}
}

@article{Sprouffske2016Paper,
    title = {{Growthcurver: An R package for obtaining interpretable metrics from microbial growth curves}},
    year = {2016},
    journal = {BMC Bioinformatics},
    author = {Sprouffske, Kathleen and Wagner, Andreas},
    number = {1},
    month = {4},
    pages = {172},
    volume = {17},
    publisher = {BioMed Central},
    url = {http://www.ncbi.nlm.nih.gov/pubmed/27094401 http://www.pubmedcentral.nih.gov/articlerender.fcgi?artid=PMC4837600},
    isbn = {1471-2105},
    doi = {10.1186/s12859-016-1016-7},
    issn = {14712105},
    pmid = {27094401},
    keywords = {Experimental evolution, Growth curve, Logistic}
}

@misc{Sprouffske2016Package,
    title = {{growthcurver: Simple Metrics to Summarize Growth Curves}},
    year = {2016},
    author = {Sprouffske, Kathleen},
    url = {https://cran.r-project.org/package=growthcurver}
}

@article{Giller2009,
    title = {{Heavy metals and soil microbes}},
    year = {2009},
    journal = {Soil Biology and Biochemistry},
    author = {Giller, Ken E. and Witter, Ernst and McGrath, Steve P.},
    number = {10},
    pages = {2031--2037},
    volume = {41},
    publisher = {Elsevier Ltd},
    url = {http://dx.doi.org/10.1016/j.soilbio.2009.04.026},
    isbn = {0038-0717},
    doi = {10.1016/j.soilbio.2009.04.026},
    issn = {00380717},
    pmid = {15886913},
    arxivId = {arXiv:1206.5023},
    keywords = {Bioavailability, Environmental regulations, Metal tolerance, Microbial diversity, Rhizobium}
}

@incollection{Tchounwou2012,
    title = {{Heavy Metals Toxicity and the Environment}},
    year = {2012},
    booktitle = {Molecular, clinical and environmental toxicology},
    author = {Tchounwou, Paul B and Yedjou, Clement G and Patlolla, Anita K and Sutton, Dwayne J},
    pages = {1--30},
    volume = {101},
    url = {http://link.springer.com/10.1007/978-3-7643-8340-4},
    isbn = {978-3-7643-8339-8},
    doi = {10.1007/978-3-7643-8340-4},
    keywords = {carcinogenicity, genotoxicity, heavy metals, human exposure, production and use, toxicity}
}

@misc{Muller2017,
    title = {{here: A Simpler Way to Find Your Files}},
    year = {2017},
    author = {M{\"{u}}ller, Kirill},
    url = {https://cran.r-project.org/package=here}
}

@article{Fahy2008,
    title = {{High benzene concentrations can favour Gram-positive bacteria in groundwaters from a contaminated aquifer}},
    year = {2008},
    journal = {FEMS Microbiology Ecology},
    author = {Fahy, Anne and Ball, Andrew S. and Lethbridge, Gordon and McGenity, Terry J. and Timmis, Kenneth N.},
    number = {3},
    pages = {526--533},
    volume = {65},
    isbn = {1574-6941},
    doi = {10.1111/j.1574-6941.2008.00518.x},
    issn = {01686496},
    pmid = {18540887},
    keywords = {Arthrobacter, Bacterial community, Benzene, Gram-positive, Groundwater, Rhodococcus}
}

@article{Salis2017,
    title = {{High-throughput amplicon sequencing and stream benthic bacteria: Identifying the best taxonomic level for multiple-stressor research}},
    year = {2017},
    journal = {Scientific Reports},
    author = {Salis, R. K. and Bruder, A. and Piggott, J. J. and Summerfield, T. C. and Matthaei, C. D.},
    number = {February},
    pages = {1--12},
    volume = {7},
    publisher = {Nature Publishing Group},
    url = {http://dx.doi.org/10.1038/srep44657},
    isbn = {2045-2322},
    doi = {10.1038/srep44657},
    issn = {20452322}
}

@article{Feckler2018,
    title = {{History matters: Heterotrophic microbial community structure and function adapt to multiple stressors}},
    year = {2018},
    journal = {Global Change Biology},
    author = {Feckler, Alexander and Goedkoop, Willem and Konschak, Marco and Bundschuh, Rebecca and Kenngott, Kilian G.J. and Schulz, Ralf and Zubrod, Jochen P. and Bundschuh, Mirco},
    number = {2},
    pages = {e402-e415},
    volume = {24},
    doi = {10.1111/gcb.13859},
    issn = {13652486},
    keywords = {agricultural intensification, aquatic hyphomycetes, bacteria, biofilm, ecosystem function, fungicides, land use, nutrients}
}

@article{Feckler2017,
    title = {{History matters: heterotrophic microbial community structure and function to adapt to multiple stressors}},
    year = {2017},
    journal = {Global Change Biology},
    author = {Feckler, A. and Goedkpp, W. and Konschak, M. and Bundschuh, R. and Kenngott, K. and Schulz, R. and Zubrod, J. and Bundschuh, M.},
    number = {March},
    isbn = {4955139574},
    doi = {10.1111/ijlh.12426},
    issn = {1751553X},
    pmid = {28199780},
    arxivId = {arXiv:physics/0608246v3},
    archivePrefix = {arXiv},
    eprint = {0608246v3},
    primaryClass = {physics},
    keywords = {agricultural intensification, aquatic hyphomycetes, bacteria, biofilm, ecosystem function, fungicides, land use, nutrients}
}

@misc{Verlicchi2010,
    title = {{Hospital effluents as a source of emerging pollutants: An overview of micropollutants and sustainable treatment options}},
    year = {2010},
    booktitle = {Journal of Hydrology},
    author = {Verlicchi, P. and Galletti, A. and Petrovic, M. and Barcel{\'{O}}, D.},
    number = {3-4},
    month = {8},
    pages = {416--428},
    volume = {389},
    publisher = {Elsevier},
    url = {https://www.sciencedirect.com/science/article/pii/S0022169410003409},
    isbn = {0022-1694},
    doi = {10.1016/j.jhydrol.2010.06.005},
    issn = {00221694},
    keywords = {Emerging pollutants, Hospital effluents, Macropollutants, Pharmaceuticals, Sustainable treatment options, Urban wastewaters}
}

@misc{Macro2012,
    title = {{How to perform two-sample t-tests in R by inputting sample statistics rather than the raw data?}},
    year = {2012},
    author = {{Macro}},
    url = {https://stats.stackexchange.com/q/30394/}
}

@article{Belden2007,
    title = {{How well can we predict the aquatic toxicity of pesticide mixtures}},
    year = {2007},
    journal = {Integrated Environmental Assessment and Management},
    author = {Belden, J B and Gilliom, R and Lydy, M J},
    number = {3},
    pages = {364--372},
    volume = {3},
    keywords = {mixture}
}

@article{Paltiel2016,
    title = {{Human Exposure to Wastewater-Derived Pharmaceuticals in Fresh Produce: A Randomized Controlled Trial Focusing on Carbamazepine}},
    year = {2016},
    journal = {Environmental Science and Technology},
    author = {Paltiel, Ora and Fedorova, Ganna and Tadmor, Galit and Kleinstern, Geffen and Maor, Yehoshua and Chefetz, Benny},
    number = {8},
    pages = {4476--4482},
    volume = {50},
    url = {http://pubs.acs.org/doi/pdf/10.1021/acs.est.5b06256},
    isbn = {1520-5851 (Electronic){\textbackslash}r0013-936X (Linking)},
    doi = {10.1021/acs.est.5b06256},
    issn = {15205851},
    pmid = {27021726}
}

@article{Pietrini2015,
    title = {{Ibuprofen exposure in Lemna gibba L.: Evaluation of growth and phytotoxic indicators, detection of ibuprofen and identification of its metabolites in plant and in the medium}},
    year = {2015},
    journal = {Journal of Hazardous Materials},
    author = {Pietrini, F and Di Baccio, D and Ac Na, J and P{\'{e}}rez, S and Barcel{\'{o}}, D and Zacchini, M},
    pages = {189--193},
    volume = {300},
    url = {https://ac.els-cdn.com/S0304389415005257/1-s2.0-S0304389415005257-main.pdf?_tid=346b1e26-df03-11e7-9dfc-00000aab0f02&acdnat=1513059232_8cd53a92b288c16b51e37f87fa589147 https://ac.els-cdn.com/S0304389415005257/1-s2.0-S0304389415005257-main.pdf?_tid=1acaa17},
    doi = {10.1016/j.jhazmat.2015.06.068},
    keywords = {Aquatic plants, Duckweed, Micro-contaminants, Pharmaceuticals, Wastewater, Water quality}
}

@article{Vinebrooke2004,
    title = {{Impacts of Multiple Stressors on Biodiversity and Ecosystem Functioning : The Role of Species Co-Tolerance Published by : Wiley on behalf of Nordic Society Oikos Stable URL : http://www.jstor.org/stable/3547806 Accessed : 27-03-2016 0}},
    year = {2004},
    journal = {Nordic Society Oikos},
    author = {Vinebrooke, Rolf D and Cottingham, Kathryn L and Norberg, Jon and Scheffer, Marten and Dodson, Stanley I and Maberly, Stephen C and Sommer, Ulrich and Vinebrooke, Rolf D and Cottingham, Kathryn L and Norberg, Jon and Scheffer, Marten and Dodson, Stanley I and Maberly, Stephen C and Sommer, Ulrich},
    number = {3},
    pages = {451--457},
    volume = {104},
    isbn = {0030-1299},
    doi = {10.1111/j.0030-1299.2004.13255.x},
    issn = {00301299},
    pmid = {8725094}
}

@article{Magbanua2016a,
    title = {{Individual and combined effects of fine sediment and glyphosate herbicide on invertebrate drift and insect emergence: a stream mesocosm experiment}},
    year = {2016},
    journal = {Freshwater Science},
    author = {Magbanua, Francis S. and Townsend, Colin R. and Hageman, Kimberly J. and Piggott, Jeremy J. and Matthaei, Christoph D.},
    number = {1},
    month = {3},
    pages = {139--151},
    volume = {35},
    publisher = {University of Chicago PressChicago, IL},
    url = {http://www.journals.uchicago.edu/doi/10.1086/684363},
    isbn = {21619549{\textbackslash}r21619565},
    doi = {10.1086/684363},
    issn = {2161-9549},
    keywords = {antagonism, body size, drift propensity, emergence propensity, multiple stressors, pesticide, synergism}
}

@article{Bal2002,
    title = {{Induction of oxidative DNA damage by carcinogenic metals}},
    year = {2002},
    journal = {Toxicology Letters},
    author = {Bal, Wojciech and Kasprzak, Kazimierz S.},
    number = {1-3},
    pages = {55--62},
    volume = {127},
    doi = {10.1016/S0378-4274(01)00483-0},
    issn = {03784274},
    pmid = {12052641},
    keywords = {Carcinogenesis, DNA, Histones, Metals, Oxidative damage, Oxygen radicals}
}

@article{Chapman2002a,
    title = {{Integrating toxicology and ecology: Putting the 'eco' into ecotoxicology}},
    year = {2002},
    journal = {Marine Pollution Bulletin},
    author = {Chapman, Peter M.},
    number = {1},
    pages = {7--15},
    volume = {44},
    isbn = {1604986433},
    doi = {10.1016/S0025-326X(01)00253-3},
    issn = {0025326X},
    pmid = {11883685},
    keywords = {Ecology, Ecotoxicology, Risk assessment, Sediments}
}

@article{Peterson2017,
    title = {{Integrative behavioral ecotoxicology: Bringing together fields to establish new insight to behavioral ecology, toxicology, and conservation}},
    year = {2017},
    journal = {Current Zoology},
    author = {Peterson, Elizabeth K and Buchwalter, David B and Kerby, Jacob L and Lefauve, Matthew K. and Varian-Ramos, Claire W and Swaddle, John P},
    number = {2},
    month = {4},
    pages = {185--194},
    volume = {63},
    publisher = {Oxford University Press},
    url = {http://www.ncbi.nlm.nih.gov/pubmed/29491976 http://www.pubmedcentral.nih.gov/articlerender.fcgi?artid=PMC5804166},
    doi = {10.1093/cz/zox010},
    issn = {16745507},
    pmid = {29491976},
    keywords = {Animal behavior, Behavioral ecology, Conservation, Phylogenetic, Pollution, Toxicology}
}

@article{Cote2016,
    title = {{Interactions among ecosystem stressors and their importance in conservation}},
    year = {2016},
    journal = {Proceedings. Biological sciences},
    author = {C{\^{o}}t{\'{e}}, Isabelle M and Darling, Emily S and Brown, Christopher J},
    number = {1824},
    month = {2},
    pages = {20152592},
    volume = {283},
    publisher = {The Royal Society},
    url = {http://dx.doi.org/10.1098/rspb.2015.2592 http://rspb.royalsocietypublishing.org. http://www.ncbi.nlm.nih.gov/pubmed/26865306 http://www.pubmedcentral.nih.gov/articlerender.fcgi?artid=PMC4760168},
    doi = {10.1098/rspb.2015.2592},
    issn = {1471-2954},
    pmid = {26865306},
    keywords = {Subject Areas, ecological experiments, ecological surprises, ecology Keywords, global change, non-additive effects}
}

@article{Holmstrup2010,
    title = {{Interactions between effects of environmental chemicals and natural stressors: A review}},
    year = {2010},
    journal = {Science of the Total Environment},
    author = {Holmstrup, Martin and Bindesb{\o}l, Anne Mette and Oostingh, Gertie Janneke and Duschl, Albert and Scheil, Volker and K{\"{o}}hler, Heinz R. and Loureiro, Susana and Soares, Amadeu M.V.M. and Ferreira, Abel L.G. and Kienle, Cornelia and Gerhardt, Almut and Laskowski, Ryszard and Kramarz, Paulina E. and Bayley, Mark and Svendsen, Claus and Spurgeon, David J.},
    number = {18},
    pages = {3746--3762},
    volume = {408},
    publisher = {Elsevier B.V.},
    url = {http://dx.doi.org/10.1016/j.scitotenv.2009.10.067},
    isbn = {0048-9697},
    doi = {10.1016/j.scitotenv.2009.10.067},
    issn = {00489697},
    pmid = {19922980},
    keywords = {Combined stressors, Contamination, Cumulative risk assessment, Ecotoxicology, Immunomodulatory effects, Interaction, Natural stressors}
}

@article{Sokolova2008,
    title = {{Interactive effects of metal pollution and temperature on metabolism in aquatic ectotherms: Implications of global climate change}},
    year = {2008},
    journal = {Climate Research},
    author = {Sokolova, Inna M. and Lannig, Gisela},
    number = {2-3},
    pages = {181--201},
    volume = {37},
    isbn = {0936-577X},
    doi = {10.3354/cr00764},
    issn = {0936577X},
    keywords = {Energy metabolism, Global warming, Marine ecosystems, Mitochondria, Stress tolerance, Trace metals}
}

@article{Ternes2007,
    title = {{Irrigation of treated wastewater in Braunschweig, Germany: An option to remove pharmaceuticals and musk fragrances}},
    year = {2007},
    journal = {Chemosphere},
    author = {Ternes, Thomas A and Bonerz, Matthias and Herrmann, Nadine and Teiser, Bernhard and Andersen, Henrik Rasmus},
    number = {5},
    pages = {894--904},
    volume = {66},
    url = {https://ac.els-cdn.com/S0045653506007740/1-s2.0-S0045653506007740-main.pdf?_tid=741e3d40-d6ad-11e7-b593-00000aacb35e&acdnat=1512142793_669e0b2ce41c320c435376821bdf5b47},
    isbn = {0045-6535},
    doi = {10.1016/j.chemosphere.2006.06.035},
    issn = {00456535},
    pmid = {16872661},
    keywords = {Antibiotics, Antiphlogistics, Contrast media, Estrogens, Musk fragrances, Soil-aquifer treatment}
}

@article{Thomas2017,
    title = {{Isolation and characterization of metaldehyde-degrading bacteria from domestic soils}},
    year = {2017},
    journal = {Microbial Biotechnology},
    author = {Thomas, John C. and Helgason, Thorunn and Sinclair, Chris J. and Moir, James W.B.},
    number = {6},
    month = {11},
    pages = {1824--1829},
    volume = {10},
    publisher = {Wiley/Blackwell (10.1111)},
    url = {http://doi.wiley.com/10.1111/1751-7915.12719},
    doi = {10.1111/1751-7915.12719},
    issn = {17517915},
    pmid = {28894442}
}

@article{Barra2015,
    title = {{Journal of Pharmaceutical and Biomedical Analysis Pharmaceuticals in the environment : Biodegradation and effects on natural microbial communities . A review}},
    year = {2015},
    journal = {Journal of Pharmaceutical and Biomedical Analysis},
    author = {Barra, Anna and Topp, Edward and Grenni, Paola},
    pages = {25--36},
    volume = {106},
    publisher = {Elsevier B.V.},
    url = {http://dx.doi.org/10.1016/j.jpba.2014.11.040},
    doi = {10.1016/j.jpba.2014.11.040},
    issn = {0731-7085}
}

@article{Johnson2002,
    title = {{Landscape ecotoxicology and assessment of risk at multiple scales}},
    year = {2002},
    journal = {Human and Ecological Risk Assessment},
    author = {Johnson, Alan R.},
    number = {1},
    pages = {127--146},
    volume = {8},
    isbn = {8646462277},
    doi = {10.1080/20028091056773},
    issn = {10807039},
    keywords = {Ecotoxicology, Landscape ecology, Metapopulations, Patch dynamics, Scale, Source-sink populations, Spatial heterogeneity}
}

@misc{Bache2014,
    title = {{magrittr: A Forward-Pipe Operator for R}},
    year = {2014},
    author = {Bache, Stefan Milton and Wickham, Hadley},
    url = {https://cran.r-project.org/package=magrittr}
}

@article{Stiernagle2006,
    title = {{Maintenance of C. elegans}},
    year = {2006},
    journal = {WormBook},
    author = {Stiernagle, Theresa},
    url = {http://www.wormbook.org/chapters/www_strainmaintain/strainmaintain.html},
    isbn = {1551-8507 (Electronic)},
    doi = {10.1895/wormbook.1.101.1},
    issn = {15518507},
    pmid = {18050451},
    arxivId = {1011.1669}
}

@misc{Tekin2017,
    title = {{Measuring higher-order drug interactions: A review of recent approaches}},
    year = {2017},
    booktitle = {Current Opinion in Systems Biology},
    author = {Tekin, Elif and Savage, Van M. and Yeh, Pamela J.},
    month = {8},
    pages = {16--23},
    volume = {4},
    publisher = {Elsevier},
    url = {https://www.sciencedirect.com/science/article/pii/S2452310017300513},
    doi = {10.1016/j.coisb.2017.05.015},
    issn = {24523100},
    keywords = {Antagonism, Drug combinations, Emergent interactions, Higher-order interactions, Synergy}
}

@article{Imfeld2012,
    title = {{Measuring the effects of pesticides on bacterial communities in soil: A critical review}},
    year = {2012},
    journal = {European Journal of Soil Biology},
    author = {Imfeld, Gwenaël and Vuilleumier, Stéphane},
    pages = {22--30},
    volume = {49},
    publisher = {Elsevier Masson SAS},
    url = {http://dx.doi.org/10.1016/j.ejsobi.2011.11.010},
    isbn = {1164-5563},
    doi = {10.1016/j.ejsobi.2011.11.010},
    issn = {11645563},
    keywords = {Agrosystems, Bioindicators, Metagenomics, Microbial community, PICT, Tolerance}
}

@article{Wood2012,
    title = {{Mechanism-independent method for predicting response to multidrug combinations in bacteria}},
    year = {2012},
    journal = {Proceedings of the National Academy of Sciences},
    author = {Wood, Kevin and Nishida, Satoshi and Sontag, Eduardo D and Cluzel, Philippe},
    number = {30},
    month = {7},
    pages = {12254--12259},
    volume = {109},
    url = {http://www.ncbi.nlm.nih.gov/pubmed/22773816 http://www.pubmedcentral.nih.gov/articlerender.fcgi?artid=PMC3409729 http://www.pnas.org/lookup/doi/10.1073/pnas.1201281109},
    isbn = {9550111024},
    doi = {10.1073/pnas.1201281109},
    issn = {0027-8424},
    pmid = {22773816}
}

@article{Chesson2000,
    title = {{Mechanisms of Maintenance of Species Diversity}},
    year = {2000},
    journal = {Annual Review of Ecology and Systematics},
    author = {Chesson, Peter},
    number = {1},
    month = {11},
    pages = {343--366},
    volume = {31},
    publisher = {Annual Reviews 4139 El Camino Way, P.O. Box 10139, Palo Alto, CA 94303-0139, USA},
    url = {http://www.annualreviews.org/doi/10.1146/annurev.ecolsys.31.1.343},
    isbn = {0309051908},
    doi = {10.1146/annurev.ecolsys.31.1.343},
    issn = {0066-4162},
    pmid = {10966460},
    arxivId = {10.1146/annurev.ecolsys.31.1.343},
    keywords = {coexistence, competition, niche, predation, spatial and temporal variation.}
}

@article{Macomber2011,
    title = {{Mechanisms of nickel toxicity in microorganisms}},
    year = {2011},
    journal = {Metallomics},
    author = {Macomber, Lee and Hausinger, Robert P},
    number = {11},
    month = {11},
    pages = {1153},
    volume = {3},
    publisher = {NIH Public Access},
    url = {http://www.ncbi.nlm.nih.gov/pubmed/21799955 http://www.pubmedcentral.nih.gov/articlerender.fcgi?artid=PMC4130172 http://xlink.rsc.org/?DOI=c1mt00063b},
    isbn = {10.1039/C1MT00063B},
    doi = {10.1039/c1mt00063b},
    issn = {1756-5901},
    pmid = {21799955},
    arxivId = {NIHMS150003}
}

@article{Backhaus2014,
    title = {{Medicines, shaken and stirred: a critical review on the ecotoxicology of pharmaceutical mixtures}},
    year = {2014},
    journal = {Philosophical Transactions of the Royal Society B: Biological Sciences},
    author = {Backhaus, Thomas},
    number = {1656},
    month = {11},
    pages = {20130585},
    volume = {369},
    publisher = {The Royal Society},
    url = {http://www.ncbi.nlm.nih.gov/pubmed/25405972 http://www.pubmedcentral.nih.gov/articlerender.fcgi?artid=PMC4213595 http://rstb.royalsocietypublishing.org/content/369/1656/20130585.abstract?etoc},
    isbn = {0962-8436},
    doi = {10.1098/rstb.2013.0585},
    issn = {14712970},
    pmid = {25405972},
    keywords = {environmental science}
}

@article{Malik2004,
    title = {{Metal bioremediation through growing cells}},
    year = {2004},
    journal = {Environment International},
    author = {Malik, Anushree},
    number = {2},
    month = {4},
    pages = {261--278},
    volume = {30},
    publisher = {Pergamon},
    url = {https://www.sciencedirect.com/science/article/pii/S0160412003001867?via%3Dihub},
    isbn = {0160-4120},
    doi = {10.1016/j.envint.2003.08.001},
    issn = {18736750},
    pmid = {14749114},
    keywords = {Bioremediation, Growing cells, Metal, Metal resistance}
}

@article{Valko2005,
    title = {{Metals, Toxicity and Oxidative Stress}},
    year = {2005},
    journal = {Current Medicinal Chemistry},
    author = {Valko, M. and Morris, H. and Cronin, M.},
    number = {10},
    pages = {1161--1208},
    volume = {12},
    url = {http://www.eurekaselect.com/openurl/content.php?genre=article&issn=0929-8673&volume=12&issue=10&spage=1161},
    isbn = {0929-8673},
    doi = {10.2174/0929867053764635},
    issn = {09298673},
    pmid = {15892631},
    arxivId = {arXiv:1011.1669v3},
    keywords = {alzheimer, antioxidants, ap-1, cell signalling, dna damage, fenton chemistry, free radicals, glutathione depletion, kappab, lipid peroxidation, metals, nf-, oxidative stress, p53, redox cycling, s disease, toxicity}
}

@article{Gauthier2014,
    title = {{Metal–PAH mixtures in the aquatic environment: A review of co-toxic mechanisms leading to more-than-additive outcomes}},
    year = {2014},
    journal = {Aquatic Toxicology},
    author = {Gauthier, Patrick T. and Norwood, Warren P. and Prepas, Ellie E. and Pyle, Greg G.},
    month = {9},
    pages = {253--269},
    volume = {154},
    publisher = {Elsevier},
    url = {https://www.sciencedirect.com/science/article/pii/S0166445X14001921 https://www.sciencedirect.com/science/article/pii/S0166445X14001921?via%3Dihub},
    doi = {10.1016/J.AQUATOX.2014.05.026},
    issn = {0166-445X}
}

@article{Samland2006,
    title = {{Microbial aldolases as C-C bonding enzymes - Unknown treasures and new developments}},
    year = {2006},
    journal = {Applied Microbiology and Biotechnology},
    author = {Samland, Anne K. and Sprenger, Georg A.},
    number = {3},
    pages = {253--264},
    volume = {71},
    isbn = {0175-7598 (Print){\textbackslash}r0175-7598 (Linking)},
    doi = {10.1007/s00253-006-0422-6},
    issn = {01757598},
    pmid = {16614860}
}

@article{Nannipieri2003a,
    title = {{Microbial diversity and soil functions.}},
    year = {2003},
    journal = {European Journal of Soil Science},
    author = {Nannipieri, P and Ascher, J and Ceccherini, M T and Lan Dl, L and Pietramellar, G and Renell, G},
    number = {4},
    pages = {655},
    volume = {54},
    url = {https://onlinelibrary.wiley.com/doi/pdf/10.1046/j.1351-0754.2003.0556.x 10.1046/j.1351-0754.2003.0556.x%5Cnhttp://search.ebscohost.com/login.aspx?direct=true&db=a9h&AN=11414859&site=ehost-live},
    isbn = {1351-0754{\textbackslash}r1365-2389},
    doi = {10.1046/j.1365-2389.2003.00556.x},
    issn = {13510754},
    pmid = {335},
    keywords = {BACTERIA -- Metabolism, GENES, MICROBIAL diversity, SOIL biology}
}

@article{Ghiglione2016,
    title = {{Microbial ecotoxicology: an emerging discipline facing contemporary environmental threats}},
    year = {2016},
    journal = {Environmental Science and Pollution Research},
    author = {Ghiglione, Jean François and Martin-Laurent, Fabrice and Pesce, Stéphane},
    number = {5},
    pages = {3981--3983},
    volume = {23},
    isbn = {0944-1344},
    doi = {10.1007/s11356-015-5763-1},
    issn = {16147499},
    pmid = {26578376}
}

@article{Zwietering1990,
    title = {{Modeling of the Bacterial Growth Curve Downloaded from}},
    year = {1990},
    journal = {Applied and Environmental Microbiology},
    author = {Zwietering, M H and Jongenburger, I and Rombouts, F M and Van ', K and Riet, T},
    pages = {1875--1881},
    url = {http://aem.asm.org/}
}

@article{U2008,
    title = {{Monograph of Benzene}},
    year = {2008},
    journal = {Iarc},
    author = {U, Agency},
    pages = {249--293},
    volume = {1987},
    url = {http://monographs.iarc.fr/ENG/Monographs/vol100F/mono100F-24.pdf}
}

@article{Soluk1993,
    title = {{Multiple predator effects: predicting combined functional response of stream fish and invertebrate predators}},
    year = {1993},
    journal = {Ecology},
    author = {Soluk, Daniel A.},
    number = {1},
    month = {1},
    pages = {219--225},
    volume = {74},
    url = {http://doi.wiley.com/10.2307/1939516},
    isbn = {00129658},
    doi = {10.2307/1939516},
    issn = {00129658},
    pmid = {204}
}

@article{Piggott2015d,
    title = {{Multiple stressors and stream ecosystem functioning: Climate warming and agricultural stressors interact to affect processing of organic matter}},
    year = {2015},
    journal = {Journal of Applied Ecology},
    author = {Piggott, Jeremy J. and Niyogi, Dev K. and Townsend, Colin R. and Matthaei, Christoph D.},
    editor = {Arnott, Shelley},
    number = {5},
    month = {10},
    pages = {1126--1134},
    volume = {52},
    publisher = {Wiley/Blackwell (10.1111)},
    url = {http://doi.wiley.com/10.1111/1365-2664.12480},
    isbn = {1365-2664},
    doi = {10.1111/1365-2664.12480},
    issn = {13652664},
    keywords = {Breakdown, Climate change, Decay, Ecosystem function, Eutrophication, Global change, Nutrients, Sediment, Synergistic, Temperature, breakdown, climate change, decay, ecosystem function, eutrophication, global change, nutrients, sediment, synergistic, temperature}
}

@article{Facchinelli2001,
    title = {{Multivariate statistical and GIS-based approach to identify heavy metal sources in soils}},
    year = {2001},
    journal = {Environmental Pollution},
    author = {Facchinelli, A and Sacchi, E and Mallen, L},
    number = {3},
    month = {10},
    pages = {313--324},
    volume = {114},
    publisher = {Elsevier},
    url = {https://www.sciencedirect.com/science/article/pii/S0269749100002438?via%3Dihub},
    isbn = {0269-7491},
    doi = {10.1016/S0269-7491(00)00243-8},
    issn = {02697491},
    pmid = {11584630},
    keywords = {GIS, Geostatistics, Heavy metals, Multivariate statistics, Soil pollution}
}

@article{Jackson2016,
    title = {{Net effects of multiple stressors in freshwater ecosystems: A meta-analysis}},
    year = {2016},
    journal = {Global Change Biology},
    author = {Jackson, Michelle C. and Loewen, Charlie J.G. G. and Vinebrooke, Rolf D. and Chimimba, Christian T.},
    number = {1},
    month = {1},
    pages = {180--189},
    volume = {22},
    publisher = {Wiley/Blackwell (10.1111)},
    url = {http://doi.wiley.com/10.1111/gcb.13028},
    isbn = {1365-2486},
    doi = {10.1111/gcb.13028},
    issn = {13652486},
    pmid = {26149723},
    keywords = {Antagonism, Biodiversity, Climate change, Cumulative impacts, Ecological surprises, Functional resistance, Reversals, Synergy, antagonism, biodiversity, climate change, cumulative impacts, ecological surprises, functional resistance, reversals, synergy}
}

@article{Zamble2015,
    title = {{Nickel in biology}},
    year = {2015},
    journal = {Metallomics},
    author = {Zamble, D. B.},
    number = {4},
    pages = {588--589},
    volume = {7},
    publisher = {Royal Society of Chemistry},
    doi = {10.1039/c5mt90013a},
    issn = {1756591X}
}

@incollection{Macomber2016,
    title = {{Nickel Toxicity, Regulation, and Resistance in Bacteria}},
    year = {2016},
    booktitle = {Stress and Environmental Regulation of Gene Expression and Adaptation in Bacteria},
    author = {Macomber, Lee and Hausinger, Robert P},
    pages = {1131--1144},
    volume = {2},
    url = {https://onlinelibrary.wiley.com/doi/pdf/10.1002/9781119004813.ch110},
    isbn = {9781119004813},
    doi = {10.1002/9781119004813.ch110},
    keywords = {Enzyme inhibition, Metal efflux, Metal sequestration, Metalloenzymes, Metalloproteins, Metalloregulation, Oxidative stress}
}

@article{Howard2010,
    title = {{NIH Public Access}},
    year = {2010},
    author = {Howard, Gregory J and Webster, Thomas F},
    number = {3},
    pages = {469--477},
    volume = {259},
    doi = {10.1016/j.jtbi.2009.03.030.Generalized},
    keywords = {additivity, interaction, mixtures, synergy, tef}
}

@misc{Daughton2004,
    title = {{Non-regulated water contaminants: Emerging research}},
    year = {2004},
    booktitle = {Environmental Impact Assessment Review},
    author = {Daughton, Christian G},
    number = {7-8},
    pages = {711--732},
    volume = {24},
    url = {https://ac.els-cdn.com/S0195925504000721/1-s2.0-S0195925504000721-main.pdf?_tid=e354ac72-d6ac-11e7-8584-00000aab0f6c&acdnat=1512142558_d34d3e1ea1a28b8adf569f24821dafe7},
    isbn = {0195-9255},
    doi = {10.1016/j.eiar.2004.06.003},
    issn = {01959255},
    keywords = {Analytical chemistry, Emerging pollutants, Exposure, PPCPs, Risk perception, Water pollution, Water reuse/recycling}
}

@article{Mompelat2009,
    title = {{Occurrence and fate of pharmaceutical products and by-products, from resource to drinking water}},
    year = {2009},
    journal = {Environment International},
    author = {Mompelat, S and Le Bot, B and Thomas, O},
    number = {5},
    pages = {803--814},
    volume = {35},
    url = {https://ac.els-cdn.com/S0160412008002225/1-s2.0-S0160412008002225-main.pdf?_tid=4cc86b44-df09-11e7-81f5-00000aab0f01&acdnat=1513061849_3892db3f4758a8c53cb6f81f1862a93e},
    isbn = {0160-4120},
    doi = {10.1016/j.envint.2008.10.008},
    issn = {18736750},
    pmid = {19101037},
    keywords = {By-products, Drinking water, Pharmaceutical products, Water resources}
}

@article{Huerta-Fontela2011,
    title = {{Occurrence and removal of pharmaceuticals and hormones through drinking water treatment}},
    year = {2011},
    journal = {Water Research},
    author = {Huerta-Fontela, Maria and Galceran, Maria Teresa and Ventura, Francesc},
    number = {3},
    pages = {1432--1442},
    volume = {45},
    url = {https://ac.els-cdn.com/S0043135410007451/1-s2.0-S0043135410007451-main.pdf?_tid=45e477e6-df09-11e7-80ae-00000aacb35e&acdnat=1513061838_b9d4931e55b2b9e30e6c82720ee02c78},
    isbn = {1879-2448 (Electronic){\textbackslash}n0043-1354 (Linking)},
    doi = {10.1016/j.watres.2010.10.036},
    issn = {00431354},
    pmid = {21122885},
    keywords = {Chlorination, Drinking water, GAC, Hormones, Ozonation, Pharmaceuticals, Tap water}
}

@article{Lopez-Serna2013,
    title = {{Occurrence of 95 pharmaceuticals and transformation products in urban groundwaters underlying the metropolis of Barcelona, Spain}},
    year = {2013},
    journal = {Environmental Pollution},
    author = {L{\'{o}}pez-Serna, Rebeca and Jurado, Anna and V{\'{a}}zquez-Su{\~{n}}{\'{e}}, Enric and Carrera, Jesus and Petrovi{\'{c}}, Mira and Barcel{\'{o}}, Damià},
    pages = {305--315},
    volume = {174},
    isbn = {0269-7491},
    doi = {10.1016/j.envpol.2012.11.022},
    issn = {02697491},
    pmid = {23302545},
    keywords = {Barcelona, Field scale, Metabolites, Pharmaceuticals, Transformation products, Urban groundwater}
}

@article{Rodrigues2013,
    title = {{Occurrence, fate and effects of azoxystrobin in aquatic ecosystems: A review}},
    year = {2013},
    journal = {Environment International},
    author = {Rodrigues, Elsa Teresa and Lopes, Isabel and Pardal, Miguel Angelo},
    month = {3},
    pages = {18--28},
    volume = {53},
    publisher = {Pergamon},
    url = {https://www.sciencedirect.com/science/article/pii/S0160412012002528 https://www.sciencedirect.com/science/article/pii/S0160412012002528?via%3Dihub},
    doi = {10.1016/J.ENVINT.2012.12.005},
    issn = {0160-4120}
}

@article{Heberer2002,
    title = {{Occurrence, fate, and removal of pharmaceutical residues in the aquatic environment: a review of recent research data.}},
    year = {2002},
    journal = {Toxicology letters},
    author = {Heberer, Thomas and Heberer, Thomas},
    pages = {5--17},
    volume = {131},
    url = {www.elsevier.com/locate/toxlet http://www.ncbi.nlm.nih.gov/pubmed/11988354},
    isbn = {0378-4274},
    doi = {10.1016/S0378-4274(02)00041-3},
    issn = {0378-4274},
    pmid = {11988354},
    keywords = {Animals, Chemical, Chemical: analysis, Humans, Medical Waste Disposal, Pharmaceutical Preparations, Pharmaceutical Preparations: analysis, Sewage, Sewage: chemistry, Water Pollutants, Water Supply, Water Supply: analysis, World Health}
}

@article{Choi2008,
    title = {{Occurrences and ecological risks of roxithromycin, trimethoprim, and chloramphenicol in the Han River, Korea}},
    year = {2008},
    journal = {Environmental Toxicology and Chemistry},
    author = {Choi, Kyungho and Kim, Younghee and Jung, Jinyong and Kim, Myung Hyun and Kim, Chang Soo and Kim, Nam Hee and Park, Jeongim},
    number = {3},
    pages = {711--719},
    volume = {27},
    isbn = {0730-7268 (Print)},
    doi = {10.1897/07-143.1},
    issn = {07307268},
    pmid = {17944547},
    keywords = {Antibiotics, Aquatic environment, Han River, Hazard quotient, Toxicity}
}

@article{Zaneveld2016,
    title = {{Overfishing and nutrient pollution interact with temperature to disrupt coral reefs down to microbial scales}},
    year = {2016},
    journal = {Nature Communications},
    author = {Zaneveld, Jesse R. and Burkepile, Deron E. and Shantz, Andrew A. and Pritchard, Catharine E. and McMinds, Ryan and Payet, Jérôme P. and Welsh, Rory and Correa, Adrienne M.S. and Lemoine, Nathan P. and Rosales, Stephanie and Fuchs, Corinne and Maynard, Jeffrey A. and Thurber, Rebecca Vega},
    number = {May},
    pages = {1--12},
    volume = {7},
    isbn = {0722-4028},
    doi = {10.1038/ncomms11833},
    issn = {20411723},
    pmid = {27270557}
}

@article{Zhang2012,
    title = {{Oxidative stress response in two representative bacteria exposed to atrazine}},
    year = {2012},
    journal = {FEMS Microbiology Letters},
    author = {Zhang, Ying and Meng, Dongfang and Wang, Zhigang and Guo, Huosheng and Wang, Yang},
    number = {2},
    pages = {95--101},
    volume = {334},
    isbn = {1873-3336 (Electronic){\textbackslash}r0304-3894 (Linking)},
    doi = {10.1111/j.1574-6968.2012.02625.x},
    issn = {03781097},
    pmid = {22724442},
    keywords = {Antioxidant enzymes, Atrazine, Bacillus subtilis B19, Escherichia coli K12, Oxidative stress}
}

@article{Babcock1992,
    title = {{Oxygen activation and the conservation of energy in cell respiration}},
    year = {1992},
    journal = {Nature},
    author = {Babcock, Gerald T. and Wikstr{\"{o}}m, Mårten},
    number = {6367},
    pages = {301--309},
    volume = {356},
    isbn = {0028-0836 (Print){\textbackslash}r0028-0836 (Linking)},
    doi = {10.1038/356301a0},
    issn = {00280836},
    pmid = {1312679}
}

@article{Loos2010,
    title = {{Pan-European survey on the occurrence of selected polar organic persistent pollutants in ground water}},
    year = {2010},
    journal = {Water Research},
    author = {Loos, Robert and Locoro, Giovanni and Comero, Sara and Contini, Serafino and Schwesig, David and Werres, Friedrich and Balsaa, Peter and Gans, Oliver and Weiss, Stefan and Blaha, Ludek and Bolchi, Monica and Gawlik, Bernd Manfred},
    number = {14},
    pages = {4115--4126},
    volume = {44},
    publisher = {Elsevier Ltd},
    url = {http://dx.doi.org/10.1016/j.watres.2010.05.032},
    isbn = {1879-2448 (Electronic){\textbackslash}r0043-1354 (Linking)},
    doi = {10.1016/j.watres.2010.05.032},
    issn = {00431354},
    pmid = {20554303},
    keywords = {Ground water, Non-probabilistic sampling, Pan-European monitoring, Polar organic contaminants, SPE-LC-MS2}
}

@article{Abdullah2017,
    title = {{Papr reduction using scs-slm technique in stfbc mimo-ofdm}},
    year = {2017},
    journal = {ARPN Journal of Engineering and Applied Sciences},
    author = {Abdullah, Ezmin and Idris, Azlina and Saparon, Azilah},
    number = {10},
    pages = {3218--3221},
    volume = {12},
    isbn = {0000000154871},
    doi = {10.1111/ijlh.12426},
    issn = {18196608},
    pmid = {27935037},
    arxivId = {arXiv:physics/0608246v3},
    archivePrefix = {arXiv},
    eprint = {0608246v3},
    primaryClass = {physics},
    keywords = {MIMO-OFDM, Peak-average power ratio, SCS, Space-time-frequency block codes}
}

@article{Stackelberg2004,
    title = {{Persistence of pharmaceutical compounds and other organic wastewater contaminants in a conventional drinking-water-treatment plant}},
    year = {2004},
    journal = {Science of the Total Environment},
    author = {Stackelberg, Paul E and Furlong, Edward T and Meyer, Michael T and Zaugg, Steven D and Henderson, Alden K and Reissman, Dori B},
    number = {1-3},
    pages = {99--113},
    volume = {329},
    url = {https://ac.els-cdn.com/S0048969704001937/1-s2.0-S0048969704001937-main.pdf?_tid=3a2aa5d8-df09-11e7-b02f-00000aacb360&acdnat=1513061818_06f4613bcf2e412ce9de7c76a1fe3cb0},
    isbn = {0048-9697},
    doi = {10.1016/j.scitotenv.2004.03.015},
    issn = {00489697},
    pmid = {15262161},
    keywords = {Pharmaceuticals, Wastewater contaminants, Water treatment}
}

@article{Thompson1995,
    title = {{Pesticide Incidents Reported to the Health and Safety Executive 1989 / 90- 1991 / 92}},
    year = {1995},
    author = {Thompson, J P and Casey, P B and Vale, J A},
    number = {January},
    keywords = {health and safety executive, occupational poisoning, pesticide poisoning, pesticide spraying}
}

@article{Weber2018,
    title = {{PET microplastics do not negatively affect the survival, development, metabolism and feeding activity of the freshwater invertebrate Gammarus pulex}},
    year = {2018},
    journal = {Environmental Pollution},
    author = {Weber, Annkatrin and Scherer, Christian and Brennholt, Nicole and Reifferscheid, Georg and Wagner, Martin},
    pages = {181--189},
    volume = {234},
    publisher = {Elsevier Ltd},
    url = {https://doi.org/10.1016/j.envpol.2017.11.014},
    isbn = {1873-6424 (Electronic)0269-7491 (Linking)},
    doi = {10.1016/j.envpol.2017.11.014},
    issn = {18736424},
    pmid = {29175683},
    keywords = {Amphipods, Body burden, Ecotoxicology, Effects, Polymers, Toxicity}
}

@article{Benotti2009,
    title = {{Pharmaceuticals and endocrine disrupting compounds in U.S. drinking water}},
    year = {2009},
    journal = {Environmental Science and Technology},
    author = {Benotti, Mark J. and Trenholm, Rebecca A. and Vanderford, Brett J. and Holady, Janie C. and Stanford, Benjamin D. and Snyder, Shane A.},
    number = {3},
    pages = {597--603},
    volume = {43},
    isbn = {0013-936X},
    doi = {10.1021/es801845a},
    issn = {0013936X},
    pmid = {19244989}
}

@article{Daughton2009,
    title = {{Pharmaceuticals and Personal Care Products in the Environment}},
    year = {2009},
    journal = {Environmental Toxicology},
    author = {Daughton, Christian G and Ternes, Thomas A},
    number = {12},
    month = {12},
    pages = {2663--2670},
    volume = {28},
    publisher = {National Institute of Environmental Health Science},
    url = {http://www.ncbi.nlm.nih.gov/pubmed/10592150 http://www.pubmedcentral.nih.gov/articlerender.fcgi?artid=PMC1566206 http.//ehpnetl.niehs.nih.gov/docs/1999/suppl6/907-938daughton/abstract.html},
    isbn = {9788469403136},
    doi = {10.1021/bk-2001-0791},
    issn = {00916765},
    pmid = {10592150},
    arxivId = {arXiv:1011.1669v3},
    keywords = {environmental risk assessment}
}

@inproceedings{Sacher2001,
    title = {{Pharmaceuticals in groundwaters: Analytical methods and results of a monitoring program in Baden-W{\"{u}}rttemberg, Germany}},
    year = {2001},
    booktitle = {Journal of Chromatography A},
    author = {Sacher, Frank and Lange, Frank Thomas and Brauch, Heinz Jürgen and Blankenhorn, Iris},
    month = {12},
    pages = {199--210},
    volume = {938},
    publisher = {Elsevier},
    url = {https://www.sciencedirect.com/science/article/pii/S0021967301012663},
    isbn = {0021-9673},
    doi = {10.1016/S0021-9673(01)01266-3},
    issn = {00219673},
    pmid = {11771839},
    keywords = {Environmental analysis, Validation, Water analysis}
}

@article{Rosi-Marshall2013,
    title = {{Pharmaceuticals suppress algal growth and microbial respiration and alter bacterial communities in stream biofilms}},
    year = {2013},
    journal = {Ecological Applications},
    author = {Rosi-Marshall, Emma J. and Kincaid, Dustin W. and Bechtold, Heather A. and Royer, Todd V. and Rojas, Miguel and Kelly, John J.},
    number = {3},
    month = {4},
    pages = {583--593},
    volume = {23},
    publisher = {Ecological Society of America},
    url = {http://doi.wiley.com/10.1890/12-0491.1},
    isbn = {1051-0761},
    doi = {10.1890/12-0491.1},
    issn = {10510761},
    pmid = {23734487},
    keywords = {Caffeine, Ciprofloxacin, Diphenhydramine, Ecosystem function}
}

@article{Cuevas2017,
    title = {{PMAnalyzer: A new web interface for bacterial growth curve analysis}},
    year = {2017},
    journal = {Bioinformatics},
    author = {Cuevas, Daniel A and Edwards, Robert A},
    editor = {Wren, Jonathan},
    number = {12},
    month = {6},
    pages = {1905--1906},
    volume = {33},
    publisher = {Oxford University Press},
    url = {https://academic.oup.com/bioinformatics/article/33/12/1905/2991429},
    doi = {10.1093/bioinformatics/btx084},
    issn = {14602059}
}

@article{Liess2016,
    title = {{Predicting the synergy of multiple stress effects}},
    year = {2016},
    journal = {Scientific Reports},
    author = {Liess, Matthias and Foit, Kaarina and Knillmann, Saskia and Sch{\"{a}}fer, Ralf B. and Liess, Hans Dieter},
    pages = {1--8},
    volume = {6},
    publisher = {Nature Publishing Group},
    url = {http://dx.doi.org/10.1038/srep32965},
    doi = {10.1038/srep32965},
    issn = {20452322},
    pmid = {27609131}
}

@article{Zimmer2016,
    title = {{Prediction of multidimensional drug dose responses based on measurements of drug pairs}},
    year = {2016},
    journal = {Proceedings of the National Academy of Sciences},
    author = {Zimmer, Anat and Katzir, Itay and Dekel, Erez and Mayo, Avraham E and Alon, Uri},
    number = {37},
    pages = {10442--10447},
    volume = {113},
    url = {www.pnas.org/cgi/doi/10.1073/pnas.1606301113 http://www.pnas.org/lookup/doi/10.1073/pnas.1606301113},
    doi = {10.1073/pnas.1606301113},
    issn = {0027-8424},
    pmid = {27562164}
}

@article{Backhaus2012,
    title = {{Predictive environmental risk assessment of chemical mixtures: A conceptual framework}},
    year = {2012},
    journal = {Environmental Science and Technology},
    author = {Backhaus, Thomas and Faust, Michael},
    number = {5},
    pages = {2564--2573},
    volume = {46},
    isbn = {0013-936X},
    doi = {10.1021/es2034125},
    issn = {0013936X},
    pmid = {22260322}
}

@misc{USGS2017,
    title = {{Preliminary pesticide use estimates without California data}},
    year = {2017},
    booktitle = {Estimated Annual Agricultural Pesticide Use},
    author = {{USGS}},
    url = {https://water.usgs.gov/nawqa/pnsp/usage/maps/county-level/PreliminaryEstimateNOCa/2016PreliminaryEstimatesNoCA.zip}
}

@article{Tekin2017a,
    title = {{Prevalence and patterns of higher-order interactions}},
    year = {2017},
    journal = {bioRxiv},
    author = {Tekin, Elif and White, Cynthia and Kang, Tina Manzhu and Singh, Nina and Cruz-Loya, Mauricio and Damoiseaux, Robert and Savage, Van M. and Yeh, Pamela J},
    month = {12},
    pages = {233312},
    publisher = {Cold Spring Harbor Laboratory},
    url = {https://www.biorxiv.org/content/early/2017/12/14/233312},
    doi = {10.1101/233312}
}

@misc{Shaw1979,
    title = {{Primary structure of a chloramphenicol acetyltransferase specified by R plasmids [31]}},
    year = {1979},
    booktitle = {Nature},
    author = {Shaw, W. V. and Packman, L. C. and Burleigh, B. D. and Dell, A. and Morris, H. R. and Hartley, B. S.},
    number = {5741},
    pages = {870--872},
    volume = {282},
    isbn = {0028-0836 (Print){\textbackslash}r0028-0836 (Linking)},
    doi = {10.1038/282870a0},
    issn = {00280836},
    pmid = {390404}
}

@misc{EC2008,
    title = {{Priority Substances and Certain Other Pollutants according to Annex II of Directive 2008/105/EC}},
    year = {2008},
    author = {{EC}},
    url = {http://ec.europa.eu/environment/water/water-framework/priority_substances.htm}
}

@article{Nishimura1998,
    title = {{Proton Gradient-Driven Nickel Uptake by Vacuolar Membrane Vesicles of Saccharomyces cerevisiae}},
    year = {1998},
    journal = {Journal of Bacteriology},
    author = {Nishimura, Ken and Igarashi, Kazuei and Kakinuma, Yoshimi},
    number = {7},
    pages = {1--4},
    volume = {180}
}

@article{ATSDR2007,
    title = {{Public Health Statement for Benzene}},
    year = {2007},
    journal = {CDC Division of Toxicology and Environmrntal mediciine},
    author = {{ATSDR}},
    pages = {1--7},
    volume = {CAS{\#} 71-43},
    url = {https://www.atsdr.cdc.gov/ToxProfiles/tp3-c1-b.pdf},
    isbn = {1800222122},
    doi = {10.1177/074823379901500802},
    issn = {0748-2337},
    keywords = {ATSDR, August 2007, Benzene Public Health Statement, CAS{\#}: 71-43-2, Division of Toxicology and Environmental Medicine}
}

@article{Cedergreen2014,
    title = {{Quantifying synergy: A systematic review of mixture toxicity studies within environmental toxicology}},
    year = {2014},
    journal = {PLoS ONE},
    author = {Cedergreen, Nina},
    number = {5},
    volume = {9},
    isbn = {1932-6203},
    doi = {10.1371/journal.pone.0096580},
    issn = {19326203},
    pmid = {24794244}
}

@misc{Gagolewski2018,
    title = {{R package stringi: Character string processing facilities}},
    year = {2018},
    author = {Gagolewski, Marek},
    url = {http://www.gagolewski.com/software/stringi/}
}

@misc{RCoreTeam2018,
    title = {{R: A Language and Environment for Statistical Computing}},
    year = {2018},
    author = {{R Core Team}},
    url = {https://www.r-project.org/},
    institution = {R Foundation for Statistical Computing},
    address = {Vienna, Austria}
}

@misc{ECHA2018a,
    title = {{REACH Registered Substances}},
    year = {2018},
    author = {{ECHA}},
    url = {https://echa.europa.eu/information-on-chemicals/registered-substances}
}

@misc{ECHA2018Cu,
    title = {{REACH Substance Information: Copper}},
    year = {2018},
    author = {{ECHA}},
    url = {https://echa.europa.eu/substance-information/-/substanceinfo/100.028.326}
}

@article{Jackson2016b,
    title = {{Recommendations for the Next Generation of Global Freshwater Biological Monitoring Tools}},
    year = {2016},
    journal = {Advances in Ecological Research},
    author = {Jackson, M.C. and Weyl, O.L.F. and Altermatt, F. and Durance, I. and Friberg, N. and Dumbrell, A.J. and Piggott, J.J. and Tiegs, S.D. and Tockner, K. and Krug, C.B. and Leadley, P.W. and Woodward, G.},
    month = {1},
    pages = {615--636},
    volume = {55},
    publisher = {Academic Press},
    url = {https://www.sciencedirect.com/science/article/pii/S006525041630023X#bb0160},
    isbn = {9780081009352},
    doi = {10.1016/BS.AECR.2016.08.008},
    issn = {0065-2504}
}

@article{Piggott2015,
    title = {{Reconceptualizing synergism and antagonism among multiple stressors}},
    year = {2015},
    journal = {Ecology and Evolution},
    author = {Piggott, Jeremy J. and Townsend, Colin R. and Matthaei, Christoph D.},
    number = {7},
    month = {4},
    pages = {1538--1547},
    volume = {5},
    publisher = {Wiley-Blackwell},
    url = {http://doi.wiley.com/10.1002/ece3.1465},
    isbn = {00243590},
    doi = {10.1002/ece3.1465},
    issn = {20457758},
    pmid = {771},
    keywords = {Antagonism, Ecological surprise, Interaction, Stressor, Synergism}
}

@article{Kienzler2016,
    title = {{Regulatory assessment of chemical mixtures: Requirements, current approaches and future perspectives}},
    year = {2016},
    journal = {Regulatory Toxicology and Pharmacology},
    author = {Kienzler, Aude and Bopp, Stephanie K. and van der Linden, Sander and Berggren, Elisabet and Worth, Andrew},
    month = {10},
    pages = {321--334},
    volume = {80},
    publisher = {Academic Press},
    url = {https://www.sciencedirect.com/science/article/pii/S0273230016301337},
    isbn = {02732300},
    doi = {10.1016/j.yrtph.2016.05.020},
    issn = {10960295},
    pmid = {27211294},
    keywords = {Combined effect, Mixture, Regulation, Risk assessment}
}

@article{Firsov2001,
    title = {{Relationships of the area under the curve/MIC ratio to different integral endpoints of the antimicrobial effect: Gemifloxacin pharmacodynamics in an in vitro dynamic model}},
    year = {2001},
    journal = {Antimicrobial Agents and Chemotherapy},
    author = {Firsov, A A and Lubenko, I Y and Portnoy, Y A and Zinner, S H and Vostrov, S N},
    number = {3},
    month = {3},
    pages = {927--931},
    volume = {45},
    publisher = {American Society for Microbiology (ASM)},
    url = {http://www.ncbi.nlm.nih.gov/pubmed/11181382 http://www.pubmedcentral.nih.gov/articlerender.fcgi?artid=PMC90395},
    doi = {10.1128/AAC.45.3.927-931.2001},
    issn = {00664804},
    pmid = {11181382}
}

@article{Azarbad2016,
    title = {{Resilience of soil microbial communities to metals and additional stressors: DNA-based approaches for assessing “stress-on-stress” responses}},
    year = {2016},
    journal = {International Journal of Molecular Sciences},
    author = {Azarbad, Hamed and Van Gestel, Cornelis A.M. and Nikli{\'{n}}ska, Maria and Laskowski, Ryszard and R{\"{o}}ling, Wilfred F.M. and Van Straalen, Nico M.},
    number = {6},
    pages = {1--20},
    volume = {17},
    isbn = {1422-0067},
    doi = {10.3390/ijms17060933},
    issn = {14220067},
    pmid = {27314330},
    keywords = {Metal pollution, Microbial communities, Microbial stability, Resilience, Resistance, Secondary stressors}
}

@article{DiBaccio2017,
    title = {{Response of Lemna gibba L. to high and environmentally relevant concentrations of ibuprofen: Removal, metabolism and morpho-physiological traits for biomonitoring of emerging contaminants}},
    year = {2017},
    journal = {Science of the Total Environment},
    author = {Di Baccio, D and Pietrini, F and Bertolotto, P and P{\'{e}}rez, S and Barcel{\`{o}}, D and Zacchini, M and Donati, E},
    pages = {363--373},
    volume = {584-585},
    url = {http://dx.doi.org/10.1016/j.scitotenv.2016.12.191},
    doi = {10.1016/j.scitotenv.2016.12.191},
    issn = {18791026},
    keywords = {Biodegradation, Carboxyibuprofen, Chlorophyll fluorescence, Duckweed, Hydroxyibuprofen, Photosynthesis}
}

@article{McDevitt-Irwin2017,
    title = {{Responses of Coral-Associated Bacterial Communities to Local and Global Stressors}},
    year = {2017},
    journal = {Frontiers in Marine Science},
    author = {McDevitt-Irwin, Jamie M. and Baum, Julia K. and Garren, Melissa and Vega Thurber, Rebecca L.},
    number = {August},
    pages = {1--16},
    volume = {4},
    url = {http://journal.frontiersin.org/article/10.3389/fmars.2017.00262/full},
    isbn = {2296-7745},
    doi = {10.3389/fmars.2017.00262},
    issn = {2296-7745},
    keywords = {bacteria, coral, coral, bacteria, global change biology, environmen, environmental stress, global change biology, global warming, pollution, symbiosis}
}

@article{Griffen2016,
    title = {{Rethinking our approach to multiple stressor studies in marine environments}},
    year = {2016},
    journal = {Marine Ecology Progress Series},
    author = {Griffen, Blaine D. and Belgrad, Benjamin A. and Cannizzo, Zachary J. and Knotts, Eilea R. and Hancock, Eric R.},
    pages = {273--281},
    volume = {543},
    isbn = {2040-4603},
    doi = {10.3354/meps11595},
    issn = {01718630},
    pmid = {24454544},
    keywords = {Anthropogenic stressors, Experimental design, Human impacts, Mechanistic, Phenomenological, Prediction}
}

@article{Stuart2012,
    title = {{Review of risk from potential emerging contaminants in UK groundwater}},
    year = {2012},
    journal = {Science of the Total Environment},
    author = {Stuart, Marianne and Lapworth, Dan and Crane, Emily and Hart, Alwyn},
    month = {2},
    pages = {1--21},
    volume = {416},
    publisher = {Elsevier},
    url = {https://www.sciencedirect.com/science/article/pii/S0048969711013908#bb1255},
    isbn = {0048-9697},
    doi = {10.1016/j.scitotenv.2011.11.072},
    issn = {00489697},
    pmid = {22209399},
    keywords = {Emerging contaminants, Groundwater, Pesticides, Pharmaceuticals, Risk assessment, Toxicity}
}

@misc{Castle2017,
    title = {{Review of the molluscicide metaldehyde in the environment}},
    year = {2017},
    booktitle = {Environmental Science: Water Research and Technology},
    author = {Castle, G. D. and Mills, G. A. and Gravell, A. and Jones, L. and Townsend, I. and Cameron, D. G. and Fones, G. R.},
    number = {3},
    month = {5},
    pages = {415--428},
    volume = {3},
    publisher = {Royal Society of Chemistry},
    url = {http://xlink.rsc.org/?DOI=C7EW00039A},
    doi = {10.1039/c7ew00039a},
    issn = {20531419}
}

@inproceedings{Shen1994,
    title = {{Risk assessment of nickel carcinogenicity and occupational lung cancer}},
    year = {1994},
    booktitle = {Environmental Health Perspectives},
    author = {Shen, H. M. and Zhang, Qi Feng},
    number = {SUPPL. 1},
    pages = {275--282},
    volume = {102},
    isbn = {0091-6765 (Print)},
    doi = {10.1289/ehp.94102s1275},
    issn = {00916765},
    pmid = {8187719}
}

@article{Johnson2005,
    title = {{Scaling in ecotoxicology: Theory, evidence and research needs}},
    year = {2005},
    journal = {Aquatic Ecosystem Health {\&} Management},
    author = {Johnson, Alan R. and Rodgers, John H.},
    pages = {353--362},
    volume = {8},
    doi = {10.1080/14634980500457765},
    issn = {1463-4988},
    keywords = {extent, extrapolation, grain, scaling}
}

@article{Dietrich2010,
    title = {{Single and combined toxicity of pharmaceuticals at environmentally relevant concentrations in Daphnia magna - A multigenerational study}},
    year = {2010},
    journal = {Chemosphere},
    author = {Dietrich, Sabine and Ploessl, Florian and Bracher, Franz and Laforsch, Christian},
    number = {1},
    pages = {60--66},
    volume = {79},
    url = {https://ac.els-cdn.com/S0045653509015264/1-s2.0-S0045653509015264-main.pdf?_tid=a7b8d578-df0b-11e7-abe0-00000aacb35d&acdnat=1513062861_16e4e4e45c676394294106f38fdfc338},
    isbn = {0045-6535},
    doi = {10.1016/j.chemosphere.2009.12.069},
    issn = {00456535},
    pmid = {20116828},
    keywords = {Chronic toxicity, Cladoceran, Drugs, Mixture toxicity, Multiple generations}
}

@article{Lawrence2012,
    title = {{Species interactions alter evolutionary responses to a novel environment}},
    year = {2012},
    journal = {PLoS Biology},
    author = {Lawrence, Diane and Fiegna, Francesca and Behrends, Volker and Bundy, Jacob G and Phillimore, Albert B and Bell, Thomas and Barraclough, Timothy G.},
    number = {5},
    pages = {1001330},
    volume = {10},
    url = {www.plosbiology.org},
    isbn = {15449173},
    doi = {10.1371/journal.pbio.1001330},
    issn = {15449173},
    pmid = {22615541},
    keywords = {Abbreviations: ANOVA, Analysis of variance, NMR, OD, nuclear magnetic resonance, optical density}
}

@article{Assih2002,
    title = {{Stenotrophomonas acidaminiphila sp. nov., a strictly aerobic bacterium isolated from an upflow anaerobic sludge blanket (UASB) reactor}},
    year = {2002},
    journal = {Journal of Environmental Science and Health Part B},
    author = {Assih, Essokazi A. and Ouattara, Aboubakar S. and Thierry, Sébastien and Cayol, Jean Luc and Labat, Marc and Macarie, Hervé},
    number = {2},
    month = {3},
    pages = {559--568},
    volume = {52},
    publisher = {Microbiology Society},
    url = {http://ijs.microbiologyresearch.org/content/journal/ijsem/10.1099/00207713-52-2-559},
    isbn = {1466-5026},
    doi = {10.1099/00207713-52-2-559},
    issn = {14665026},
    pmid = {11931169},
    keywords = {Amino acids, Anaerobic reactor, Cellular fatty acids, Polyphasic taxonomy, Xanthomonas}
}

@article{Zaneveld2017,
    title = {{Stress and stability: Applying the Anna Karenina principle to animal microbiomes}},
    year = {2017},
    journal = {Nature Microbiology},
    author = {Zaneveld, Jesse R. and McMinds, Ryan and Thurber, Rebecca Vega},
    number = {August},
    volume = {2},
    isbn = {2058-5276},
    doi = {10.1038/nmicrobiol.2017.121},
    issn = {20585276},
    pmid = {28836573}
}

@misc{Wickham2018c,
    title = {{stringr: Simple, Consistent Wrappers for Common String Operations}},
    year = {2018},
    author = {Wickham, Hadley},
    url = {https://cran.r-project.org/package=stringr}
}

@article{Folt1999,
    title = {{Synergism and antagonism among multiple stressors}},
    year = {1999},
    journal = {Limnology and {\ldots}},
    author = {Folt, C. L. CL and Chen, CY Y. and Moore, M. V. and Burnaford, J.},
    number = {February},
    month = {5},
    pages = {864--877},
    volume = {44},
    publisher = {Wiley-Blackwell},
    url = {http://doi.wiley.com/10.4319/lo.1999.44.3_part_2.0864 https://aslopubs.onlinelibrary.wiley.com/doi/pdf/10.4319/lo.1999.44.3_part_2.0864 http://www.avto.aslo.info/lo/toc/vol_44/issue_3_part_2/0864.pdf},
    doi = {10.4319/lo.1999.44.3},
    issn = {00243590}
}

@misc{Fitzgerald2006,
    title = {{Systems biology and combination therapy in the quest for clinical efficacy}},
    year = {2006},
    booktitle = {Nature Chemical Biology},
    author = {Fitzgerald, Jonathan B and Schoeberl, Birgit and Nielsen, Ulrik B and Sorger, Peter K},
    number = {9},
    month = {9},
    pages = {458--466},
    volume = {2},
    url = {http://www.ncbi.nlm.nih.gov/pubmed/16921358},
    isbn = {1552-4450 (Print)},
    doi = {10.1038/nchembio817},
    issn = {15524469},
    pmid = {16921358}
}

@article{ONeil2016,
    title = {{TACKLING DRUG-RESISTANT INFECTIONS GLOBALLY: FINAL REPORT AND RECOMMENDATIONS THE REVIEW ON ANTIMICROBIAL RESISTANCE}},
    year = {2016},
    author = {O'Neil, Jim},
    url = {https://amr-review.org/sites/default/files/160525_Final paper_with cover.pdf}
}

@article{Tenaillon2016,
    title = {{Tempo and mode of genome evolution in a 50,000 - generation experiment}},
    year = {2016},
    journal = {bioRXiv preprint http://dx.doi.org/10.1101/036806},
    author = {Tenaillon, Olivier and Barrick, Jeffrey E. and Ribeck, Noah and Deatherage, Daniel E. and Blanchard, Jeffrey L. and Dasgupta, Aurko and Wu, Gabriel C. and Schneider, Dominique and Lenski, Richard E.},
    number = {7615},
    month = {8},
    pages = {1--21},
    volume = {536},
    publisher = {Nature Publishing Group},
    url = {http://www.nature.com/articles/nature18959 http://dx.doi.org/10.1038/nature18959},
    isbn = {0028-0836},
    doi = {10.1101/036806},
    issn = {0028-0836},
    pmid = {27479321},
    keywords = {Bacterial genetics, Evolutionary genetics, Experimental evolution}
}

@article{Tipping2015,
    title = {{Testing WHAM- <i>F</i> <sub>TOX</sub> with laboratory toxicity data for mixtures of metals (Cu, Zn, Cd, Ag, Pb)}},
    year = {2015},
    journal = {Environmental Toxicology and Chemistry},
    author = {Tipping, Edward and Lofts, Stephen},
    number = {4},
    month = {4},
    pages = {788--798},
    volume = {34},
    url = {http://doi.wiley.com/10.1002/etc.2773},
    doi = {10.1002/etc.2773},
    issn = {07307268},
    keywords = {Metal, Mixture, Modeling, Toxicity, WHAM‐FTOX}
}

@phdthesis{Mombrikotb2016,
    title = {{The contribution of environmental selection on microbial community structure, function and biogeography}},
    year = {2016},
    author = {Mombrikotb, Shorok Bashir},
    school = {Imperial College London}
}

@article{Richardson1985,
    title = {{The fate of pharmaceutical chemicals in the aquatic environment}},
    year = {1985},
    journal = {Journal of Pharmacy and Pharmacology},
    author = {Richardson, Mervyn L. and Bowron, Judith M.},
    number = {1},
    pages = {1--12},
    volume = {37},
    isbn = {0022-3573},
    doi = {10.1111/j.2042-7158.1985.tb04922.x},
    issn = {20427158},
    pmid = {2858520}
}

@misc{Chapman2018,
    title = {{The flexible application of carrying capacity in ecology}},
    year = {2018},
    booktitle = {Global Ecology and Conservation},
    author = {Chapman, Eric J. and Byron, Carrie J.},
    month = {1},
    volume = {13},
    publisher = {Elsevier},
    url = {https://www.sciencedirect.com/science/article/pii/S2351989417301427},
    isbn = {23519894},
    doi = {10.1016/j.gecco.2017.e00365},
    issn = {23519894},
    keywords = {Carrying capacity, Conservation biology, Ecosystem management, Ecosystems, Natural resources}
}

@article{Blaustein2016,
    title = {{The Great Oxidation Event Evolving understandings of how oxygenic life on Earth began}},
    year = {2016},
    journal = {BioScience},
    author = {Blaustein, Richard},
    number = {3},
    pages = {189--195},
    volume = {66},
    url = {http://bioscience.oxfordjournals.org},
    doi = {10.1093/biosci/biv193}
}

@article{Monod1949,
    title = {{The Growth of Bacterial Cultures}},
    year = {1949},
    journal = {Annual Review of Microbiology},
    author = {Monod, J},
    number = {1},
    month = {10},
    pages = {371--394},
    volume = {3},
    publisher = {Annual Reviews 4139 El Camino Way, P.O. Box 10139, Palo Alto, CA 94303-0139, USA},
    url = {http://www.annualreviews.org/doi/10.1146/annurev.mi.03.100149.002103},
    isbn = {0066-4227},
    doi = {10.1146/annurev.mi.03.100149.002103},
    issn = {0066-4227},
    pmid = {190}
}

@article{Nyman2013,
    title = {{The Insecticide Imidacloprid Causes Mortality of the Freshwater Amphipod Gammarus pulex by Interfering with Feeding Behavior}},
    year = {2013},
    journal = {PLoS ONE},
    author = {Nyman, Anna Maija and Hintermeister, Anita and Schirmer, Kristin and Ashauer, Roman},
    number = {5},
    volume = {8},
    isbn = {1932-6203},
    doi = {10.1371/journal.pone.0062472},
    issn = {19326203},
    pmid = {23690941}
}

@article{Macomber2009,
    title = {{The iron-sulfur clusters of dehydratases are primary intracellular targets of copper toxicity}},
    year = {2009},
    journal = {Proceedings of the National Academy of Sciences},
    author = {Macomber, Lee and Imlay, James A},
    number = {20},
    pages = {8344--8349},
    volume = {106},
    url = {http://www.pnas.org/cgi/doi/10.1073/pnas.0812808106},
    isbn = {1091-6490},
    doi = {10.1073/pnas.0812808106},
    issn = {0027-8424},
    pmid = {19416816}
}

@article{Landrigan2017b,
    title = {{The Lancet Commission on pollution and health}},
    year = {2017},
    journal = {The Lancet},
    author = {Landrigan, Philip J and Fuller, Richard and Acosta, Nereus J R and Adeyi, Olusoji and Arnold, Robert and Basu, Niladri (Nil) and Bald{\'{e}}, Abdoulaye Bibi and Bertollini, Roberto and Bose-O'Reilly, Stephan and Boufford, Jo Ivey and Breysse, Patrick N and Chiles, Thomas and Mahidol, Chulabhorn and Coll-Seck, Awa M and Cropper, Maureen L and Fobil, Julius and Fuster, Valentin and Greenstone, Michael and Haines, Andy and Hanrahan, David and Hunter, David and Khare, Mukesh and Krupnick, Alan and Lanphear, Bruce and Lohani, Bindu and Martin, Keith and Mathiasen, Karen V and McTeer, Maureen A and Murray, Christopher J L and Ndahimananjara, Johanita D and Perera, Frederica and Poto{\v{c}}nik, Janez and Preker, Alexander S and Ramesh, Jairam and Rockstr{\"{o}}m, Johan and Salinas, Carlos and Samson, Leona D and Sandilya, Karti and Sly, Peter D and Smith, Kirk R and Steiner, Achim and Stewart, Richard B and Suk, William A and van Schayck, Onno C P and Yadama, Gautam N and Yumkella, Kandeh and Zhong, Ma},
    number = {17},
    month = {10},
    volume = {6736},
    url = {http://linkinghub.elsevier.com/retrieve/pii/S0140673617323450},
    doi = {10.1016/S0140-6736(17)32345-0},
    issn = {01406736},
    pmid = {29056410}
}

@article{Yvon-Durocher2010,
    title = {{The temperature dependence of the carbon cycle in aquatic ecosystems}},
    year = {2010},
    journal = {Advances in Ecological Research},
    author = {Yvon-Durocher, Gabriel and Allen, Andrew P. and Montoya, José M. and Trimmer, Mark and Woodward, Guy},
    number = {C},
    pages = {267--313},
    volume = {43},
    isbn = {0065-2504},
    doi = {10.1016/B978-0-12-385005-8.00007-1},
    issn = {00652504}
}

@article{Bliss1939,
    title = {{The Toxicity of Poisons Applied Jointly}},
    year = {1939},
    journal = {Annals of Applied Biology},
    author = {Bliss, C. I.},
    number = {3},
    month = {8},
    pages = {585--615},
    volume = {26},
    publisher = {Wiley/Blackwell (10.1111)},
    url = {http://doi.wiley.com/10.1111/j.1744-7348.1939.tb06990.x},
    isbn = {1744-7348},
    doi = {10.1111/j.1744-7348.1939.tb06990.x},
    issn = {17447348},
    pmid = {299}
}

@article{VanderHeijden2008a,
    title = {{The unseen majority: soil microbes as drivers of plant diversity and productivity in terrestrial ecosystems}},
    year = {2008},
    journal = {Ecology Letters},
    author = {van der Heijden, Marcel G. A. and Bardgett, Richard D. and Van Straalen, Nico M.},
    number = {3},
    month = {3},
    pages = {296--310},
    volume = {11},
    url = {https://onlinelibrary.wiley.com/doi/pdf/10.1111/j.1461-0248.2007.01139.x http://doi.wiley.com/10.1111/j.1461-0248.2007.01139.x},
    doi = {10.1111/j.1461-0248.2007.01139.x},
    issn = {1461-023X},
    keywords = {Biological diversity and ecosystem functioning, microbial consortia, microbial diversity, mycorrhizal fungi, nitrogen, nitrogen fixation, phosphorus, soil Ecology Letters (2008) 11: 296-310}
}

@misc{Wickham2018b,
    title = {{tidyr: Easily Tidy Data with 'spread()' and 'gather()' Functions}},
    year = {2018},
    author = {Wickham, Hadley and Henry, Lionel},
    url = {https://cran.r-project.org/package=tidyr}
}

@misc{Wickham2017,
    title = {{tidyverse: Easily Install and Load the 'Tidyverse'}},
    year = {2017},
    author = {Wickham, Hadley},
    url = {https://cran.r-project.org/package=tidyverse}
}

@article{DeLorenzo2001,
    title = {{Toxicity of Pesticides to aquatic microrganisms: a review}},
    year = {2001},
    journal = {Environmental Toxicology and Chemistry},
    author = {DeLorenzo, Marie E and Scott, Geoffrey I and Ross, Philippe E},
    number = {1},
    pages = {84--98},
    volume = {20},
    url = {https://setac.onlinelibrary.wiley.com/doi/pdf/10.1002/etc.5620200108},
    doi = {10.1897/1551-5028(2001)020<0084},
    keywords = {pesticides}
}

@article{Heberer2002a,
    title = {{Tracking persistent pharmaceutical residues from municipal sewage to drinking water}},
    year = {2002},
    journal = {Journal of Hydrology},
    author = {Heberer, Thomas},
    number = {3-4},
    pages = {175--189},
    volume = {266},
    url = {https://ac.els-cdn.com/S0022169402001658/1-s2.0-S0022169402001658-main.pdf?_tid=d402cd58-df08-11e7-9fac-00000aab0f6b&acdnat=1513061647_e02a19e21a2a3fe1f911bcdd4f4ca951},
    isbn = {0022-1694},
    doi = {10.1016/S0022-1694(02)00165-8},
    issn = {00221694},
    pmid = {20023147423},
    keywords = {Bank filtration, Contamination, Drinking water, Groundwater, Municipal sewage, Persistent drug residues, Pharmaceutically active compounds, Surface water}
}

@article{Landis2003,
    title = {{Twenty years before and hence; ecological risk assessment at multiple scales with multiple stressors and multiple endpoints}},
    year = {2003},
    journal = {Human and Ecological Risk Assessment},
    author = {Landis, Wayne G.},
    number = {5},
    pages = {1317--1326},
    volume = {9},
    isbn = {1080-7039},
    doi = {10.1080/10807030390248500},
    issn = {10807039},
    keywords = {Ecological risk assessment, National Research Council, Red Book, Regional risk assessment, Watershed risk assessment}
}

@book{Ross2006,
    title = {{UK Soil and Herbage Pollutant Survey}},
    year = {2006},
    author = {Ross, S.M. and Wood, M.D. and Copplestone, D. and Warriner, M. and Crook, P.},
    number = {7},
    pages = {1--92},
    publisher = {Environment Agency},
    url = {https://www.gov.uk/government/publications/uk-soil-and-herbage-pollutant-survey https://www.gov.uk/government/uploads/system/uploads/attachment_data/file/291161/scho0607bmta-e-e.pdf},
    isbn = {9781844327720}
}

@techreport{EnvironmentAgency2007,
    title = {{UK soil and herbage pollutant survey}},
    year = {2007},
    author = {{Environment Agency}},
    url = {https://www.gov.uk/government/publications/uk-soil-and-herbage-pollutant-survey}
}

@article{Beppler2016,
    title = {{Uncovering emergent interactions in three-way combinations of stressors}},
    year = {2016},
    journal = {Journal of the Royal Society Interface},
    author = {Beppler, Casey and Tekin, Elif and Mao, Zhiyuan and White, Cynthia and McDiarmid, Cassandra and Vargas, Emily and Miller, Jeffrey H and Savage, Van M and Yeh, Pamela J},
    number = {125},
    volume = {13},
    isbn = {0000000272},
    doi = {10.1098/rsif.2016.0800},
    issn = {17425662},
    pmid = {27974577},
    keywords = {Antagonism, Antibiotics, Drug resistance, Higher-order interactions, Multiple stressors, Synergy}
}

@article{Holmes2016,
    title = {{Understanding the mechanisms and drivers of antimicrobial resistance}},
    year = {2016},
    journal = {The Lancet},
    author = {Holmes, Alison H. and Moore, Luke S.P. and Sundsfjord, Arnfinn and Steinbakk, Martin and Regmi, Sadie and Karkey, Abhilasha and Guerin, Philippe J. and Piddock, Laura J.V.},
    number = {10014},
    pages = {176--187},
    volume = {387},
    isbn = {0140-6736{\textbackslash}r1474-547X},
    doi = {10.1016/S0140-6736(15)00473-0},
    issn = {1474547X},
    pmid = {26603922}
}

@article{Wang2014,
    title = {{Urban stream denitrifier communities are linked to lower functional resistance to multiple stressors associated with urbanization}},
    year = {2014},
    journal = {Hydrobiologia},
    author = {Wang, Si Yi and Bernhardt, Emily S. and Wright, Justin P.},
    number = {1},
    pages = {13--23},
    volume = {726},
    isbn = {0018-8158},
    doi = {10.1007/s10750-013-1747-7},
    issn = {00188158},
    keywords = {Denitrification, Disturbance, Diversity, Resistance, Stress, Urbanization}
}

@article{Kay2014,
    title = {{Using water industry data to assess the metaldehyde pollution problem}},
    year = {2014},
    journal = {Water and Environment Journal},
    author = {Kay, Paul and Grayson, Richard},
    number = {3},
    pages = {410--417},
    volume = {28},
    isbn = {1747-6593},
    doi = {10.1111/wej.12056},
    issn = {17476593},
    keywords = {Metaldehyde, Monitoring, Pesticide, Pollution, Water industry, Water quality}
}

@article{Tomanek2010,
    title = {{Variation in the heat shock response and its implication for predicting the effect of global climate change on species' biogeographical distribution ranges and metabolic costs}},
    year = {2010},
    journal = {Journal of Experimental Biology},
    author = {Tomanek, L.},
    number = {6},
    pages = {971--979},
    volume = {213},
    url = {http://jeb.biologists.org/cgi/doi/10.1242/jeb.038034},
    isbn = {0022-0949},
    doi = {10.1242/jeb.038034},
    issn = {0022-0949},
    pmid = {20190122},
    keywords = {acclimation, biogeography, global climate change, heat shock proteins, heat shock response, intertidal zone, metabolic costs, subtidal zone, transcriptomics}
}

@misc{Kemper2008,
    title = {{Veterinary antibiotics in the aquatic and terrestrial environment}},
    year = {2008},
    booktitle = {Ecological Indicators},
    author = {Kemper, Nicole},
    number = {1},
    pages = {1--13},
    volume = {8},
    url = {https://ac.els-cdn.com/S1470160X07000647/1-s2.0-S1470160X07000647-main.pdf?_tid=7614e14e-d6ad-11e7-b0c5-00000aacb35d&acdnat=1512142796_c64f5699f3d96354851e6f40d251d742},
    isbn = {1470160X (ISSN)},
    doi = {10.1016/j.ecolind.2007.06.002},
    issn = {1470160X},
    keywords = {Agriculture, Antibiotics, Residues, Resistance, Soil, Water}
}

@misc{Garnier2018,
    title = {{viridis: Default Color Maps from 'matplotlib'}},
    year = {2018},
    author = {Garnier, Simon},
    url = {https://cran.r-project.org/package=viridis}
}

@article{Yvon-Durocher2011,
    title = {{Warming alters the size spectrum and shifts the distribution of biomass in freshwater ecosystems}},
    year = {2011},
    journal = {Global Change Biology},
    author = {Yvon-Durocher, Gabriel and Montoya, José M. and Trimmer, Mark and Woodward, Guy},
    number = {4},
    pages = {1681--1694},
    volume = {17},
    isbn = {1354-1013},
    doi = {10.1111/j.1365-2486.2010.02321.x},
    issn = {13541013},
    keywords = {Biomass, Body size, Food webs, Global warming, Mass-abundance relationships, Phytoplankton, Size spectra, Zooplankton}
}

@article{Yvon-Durocher2011a,
    title = {{Warming increases the proportion of primary production emitted as methane from freshwater mesocosms}},
    year = {2011},
    journal = {Global Change Biology},
    author = {Yvon-Durocher, Gabriel and Montoya, José M. and Woodward, Guy and Jones, J. Iwan and Trimmer, Mark},
    number = {2},
    pages = {1225--1234},
    volume = {17},
    isbn = {1354-1013},
    doi = {10.1111/j.1365-2486.2010.02289.x},
    issn = {13541013},
    keywords = {Carbon cycle, Ecosystem respiration, Global warming, Metabolic theory, Methane, Primary production}
}

@article{WaterFrameworkDirectiveimplementationinEnglandandWales:newandupdatedstandardstoprotectthewaterenvironment2014,
    title = {{Water Framework Directive implementation in England and Wales: new and updated standards to protect the water environment}},
    year = {2014},
    journal = {Https://Baeredygtigtlandbrug.Dk/Media/187611/Wfd-England-and-Wales.Pdf},
    author = {{Water Framework Directive implementation in England and Wales: new and updated standards to protect the water environment}},
    number = {May},
    pages = {2017--04},
    url = {https://baeredygtigtlandbrug.dk/media/187611/wfd-england-and-wales.pdf}
}

@article{DrinkingWaterInspectorate2010,
    title = {{What are the drinking water standards?}},
    year = {2010},
    journal = {Http://Dwi.Defra.Gov.Uk/Consumers/Advice-Leaflets/Standards.Pdf},
    author = {{Drinking Water Inspectorate}},
    pages = {5}
}

@article{Galic2018a,
    title = {{When things don't add up: quantifying impacts of multiple stressors from individual metabolism to ecosystem processing}},
    year = {2018},
    journal = {Ecology Letters},
    author = {Galic, Nika and Sullivan, Lauren L. and Grimm, Volker and Forbes, Valery E.},
    editor = {Vasseur, David},
    number = {4},
    month = {4},
    pages = {568--577},
    volume = {21},
    publisher = {Wiley/Blackwell (10.1111)},
    url = {http://doi.wiley.com/10.1111/ele.12923},
    doi = {10.1111/ele.12923},
    issn = {1461023X},
    keywords = {2018, Antagonism, antagonism, detritivores, dynamics, ecology letters, ecosystem services, energy budgets, individual-based model, individual‐based model, population, population dynamics, stressor interactions, synergism}
}

@article{Atkinson1997,
    title = {{Why are organisms usually bigger in colder environments? Making sense of a life history puzzle}},
    year = {1997},
    journal = {Trends in Ecology and Evolution},
    author = {Atkinson, David and Sibly, Richard M.},
    number = {6},
    month = {6},
    pages = {235--239},
    volume = {12},
    publisher = {Elsevier Current Trends},
    url = {https://www.sciencedirect.com/science/article/pii/S0169534797010586},
    isbn = {0169-5347},
    doi = {10.1016/S0169-5347(97)01058-6},
    issn = {01695347},
    pmid = {21238056}
}

@article{Smedley2002AWaters,
    title = {{A review of the source, behaviour and distribution of arsenic in natural waters}},
    year = {2002},
    journal = {Applied Geochemistry},
    author = {Smedley, P L and Kinniburgh, D G},
    pages = {517--568},
    volume = {17},
    url = {www.elsevier.com/locate/apgeochem}
}

@article{Palma2008AcutePortugal,
    title = {{Acute Toxicity of Atrazine, Endosulfan Sulphate and Chlorpyrifos to Vibrio fischeri, Thamnocephalus platyurus and Daphnia magna, Relative to Their Concentrations in Surface Waters from the Alentejo Region of Portugal}},
    year = {2008},
    journal = {Bulletin of Environmental Contamination and Toxicology},
    author = {Palma, P. and Palma, V. L. and Fernandes, R. M. and Soares, A. M. V. M. and Barbosa, I. R.},
    number = {5},
    month = {11},
    pages = {485--489},
    volume = {81},
    publisher = {Springer-Verlag},
    url = {http://link.springer.com/10.1007/s00128-008-9517-3},
    doi = {10.1007/s00128-008-9517-3},
    issn = {0007-4861}
}

@article{Clarke2009AdaptingUK,
    title = {{Adapting to Climate Change: Implications for Freshwater Biodiversity and Management in the UK}},
    year = {2009},
    journal = {Freshwater Reviews},
    author = {Clarke, Stewart J.},
    number = {1},
    month = {6},
    pages = {51--64},
    volume = {2},
    url = {http://www.bioone.org/doi/abs/10.1608/FRJ-2.1.3},
    doi = {10.1608/FRJ-2.1.3},
    issn = {1755-084X}
}

@article{Rodea-Palomares2015AdditivityQuestions,
    title = {{Additivity and Interactions in Ecotoxicity of Pollutant Mixtures: Some Patterns, Conclusions, and Open Questions}},
    year = {2015},
    journal = {Toxics},
    author = {Rodea-Palomares, Ismael and Gonz{\'{a}}lez-Pleiter, Miguel and Mart{\'{i}}n-Betancor, Keila and Rosal, Roberto and Fern{\'{a}}ndez-Pi{\~{n}}as, Francisca},
    number = {4},
    month = {9},
    pages = {342--369},
    volume = {3},
    publisher = {Multidisciplinary Digital Publishing Institute},
    url = {http://www.mdpi.com/2305-6304/3/4/342},
    doi = {10.3390/toxics3040342},
    issn = {2305-6304},
    keywords = {additivity, mixtures, synergism}
}

@article{Sommer2006AnZooplankton,
    title = {{An indoor mesocosm system to study the effect of climate change on the late winter and spring succession of Baltic Sea phyto- and zooplankton}},
    year = {2006},
    journal = {Oecologia},
    author = {Sommer, Ulrich and Aberle, Nicole and Engel, Anja and Hansen, Thomas and Lengfellner, Kathrin and Sandow, Marcel and Wohlers, Julia and Z{\"{o}}llner, Eckart and Riebesell, Ulf},
    number = {4},
    month = {12},
    pages = {655--667},
    volume = {150},
    publisher = {Springer-Verlag},
    url = {http://link.springer.com/10.1007/s00442-006-0539-4},
    doi = {10.1007/s00442-006-0539-4},
    issn = {0029-8549}
}

@article{Feld2016AnalysingR,
    title = {{Analysing the impact of multiple stressors in aquatic biomonitoring data: A ‘cookbook’ with applications in R}},
    year = {2016},
    journal = {Science of The Total Environment},
    author = {Feld, Christian K. and Segurado, Pedro and Guti{\'{e}}rrez-C{\'{a}}novas, Cayetano},
    month = {12},
    pages = {1320--1339},
    volume = {573},
    publisher = {Elsevier},
    url = {https://www.sciencedirect.com/science/article/pii/S0048969716314310?via%3Dihub},
    doi = {10.1016/J.SCITOTENV.2016.06.243},
    issn = {0048-9697}
}

@misc{Ferrer2017AntibioticFunction,
    title = {{Antibiotic use and microbiome function}},
    year = {2017},
    booktitle = {Biochemical Pharmacology},
    author = {Ferrer, Manuel and M{\'{e}}ndez-Garc{\'{i}}a, Celia and Rojo, David and Barbas, Coral and Moya, Andrés},
    pages = {114--126},
    volume = {134},
    url = {https://ac.els-cdn.com/S0006295216302866/1-s2.0-S0006295216302866-main.pdf?_tid=3c6185b8-deb6-11e7-8562-00000aab0f26&acdnat=1513026174_361bab6b4eba1250417c53ba766a29fc},
    doi = {10.1016/j.bcp.2016.09.007},
    issn = {18732968},
    pmid = {27641814},
    keywords = {Antibiotics, Microbiome, Microbiota, OMICS}
}

@article{Bundschuh2009AntibioticsSystem,
    title = {{Antibiotics as a chemical stressor affecting an aquatic decomposer–detritivore system}},
    year = {2009},
    journal = {Environmental Toxicology and Chemistry},
    author = {Bundschuh, Mirco and Hahn, Torsten and Gessner, Mark O. and Schulz, Ralf},
    number = {1},
    month = {1},
    pages = {197},
    volume = {28},
    publisher = {Wiley Periodicals, Inc.},
    url = {http://doi.wiley.com/10.1897/08-075.1},
    isbn = {1552-8618},
    doi = {10.1897/08-075.1},
    issn = {0730-7268},
    pmid = {18717623},
    keywords = {Antibiotic, Ecosystem process, Food choice, Indirect effect, Microbial community}
}

@article{Kummerer2009AntibioticsI,
    title = {{Antibiotics in the aquatic environment – A review – Part I}},
    year = {2009},
    journal = {Chemosphere},
    author = {K{\"{u}}mmerer, Klaus},
    number = {4},
    month = {4},
    pages = {417--434},
    volume = {75},
    publisher = {Pergamon},
    url = {https://www.sciencedirect.com/science/article/pii/S0045653508015105#bib10},
    doi = {10.1016/J.CHEMOSPHERE.2008.11.086},
    issn = {0045-6535}
}

@article{Romero2016APPROACHING:,
    title = {{APPROACHING THE IMPACT OF MULTIPLE STRESSORS ON RIVER BIOFILMS Background : Objective : Methodology : Expected Results :}},
    year = {2016},
    author = {Romero, Ferran and Acu{\~{n}}a, Vicenç and Sabater, Sergi},
    number = {603629},
    pages = {603629}
}

@article{Johnson2005AquaticNeeds,
    title = {{Aquatic Ecosystem Health {\&}amp; Management Scaling in ecotoxicology: Theory, evidence and research needs Scaling in ecotoxicology: Theory, evidence and research needs}},
    year = {2005},
    journal = {Aquatic Ecosystem Health {\&} Management},
    author = {Johnson, Alan R and Rodgers, John H},
    number = {4},
    pages = {353--362},
    volume = {8},
    url = {http://www.tandfonline.com/action/journalInformation?journalCode=uaem20 http://dx.doi.org/10.1080/14634980500457765},
    doi = {10.1080/14634980500457765},
    keywords = {extent, extrapolation, grain}
}

@article{Carlsson2005AreIngredients,
    title = {{Are pharmaceuticals potent environmental pollutants? Part I: Environmental risk assessments of selected active pharmaceutical ingredients}},
    year = {2005},
    author = {Carlsson, Carina and Johansson, Anna-Karin and Alvan, Gunnar and Bergman, Kerstin and K{\"{u}}, Thomas},
    url = {https://ac.els-cdn.com/S0048969705005516/1-s2.0-S0048969705005516-main.pdf?_tid=2cd88b76-d6ca-11e7-9300-00000aacb360&acdnat=1512155128_985954985b3b1b97492dfc3f1f488db3},
    doi = {10.1016/j.scitotenv.2005.06.035},
    keywords = {Ecotoxicity, Environmental hazards and risk assessments, Pharmaceuticals, Swedish government commission}
}

@article{Takeuchi2007ArsenicBacteria,
    title = {{Arsenic resistance and removal by marine and non-marine bacteria}},
    year = {2007},
    journal = {Journal of Biotechnology},
    author = {Takeuchi, Mio and Kawahata, Hodaka and Gupta, Lallan Prasad and Kita, Noriko and Morishita, Yuichi and Ono, Yoshiro and Komai, Takeshi},
    number = {3},
    month = {1},
    pages = {434--442},
    volume = {127},
    publisher = {Elsevier},
    url = {https://www.sciencedirect.com/science/article/pii/S0168165606006298?via%3Dihub},
    doi = {10.1016/J.JBIOTEC.2006.07.018},
    issn = {0168-1656}
}

@article{Segner2014AssessingMatters,
    title = {{Assessing the Impact of Multiple Stressors on Aquatic Biota: The Receptor’s Side Matters}},
    year = {2014},
    journal = {Environmental Science {\&} Technology},
    author = {Segner, H. and Schmitt-Jansen, M. and Sabater, S.},
    number = {14},
    month = {7},
    pages = {7690--7696},
    volume = {48},
    url = {http://pubs.acs.org/doi/10.1021/es405082t},
    doi = {10.1021/es405082t},
    issn = {0013-936X}
}

@article{Wang2009AssessmentFischeri,
    title = {{Assessment of mixture toxicity of copper, cadmium, and phenanthrenequinone to the marine bacterium vibrio fischeri}},
    year = {2009},
    journal = {Environmental Toxicology},
    author = {Wang, Wenxi and Lampi, Mark A. and Huang, X D and Gerhardt, Karen and Dixon, D. George and Greenberg, Bruce M.},
    number = {2},
    month = {4},
    pages = {166--177},
    volume = {24},
    publisher = {Wiley-Blackwell},
    url = {http://doi.wiley.com/10.1002/tox.20411 https://www.scopus.com/inward/record.uri?eid=2-s2.0-65349143675&partnerID=40&md5=2b761e4a3ad8e8e5198d162e60db7743},
    isbn = {1522-7278 (Electronic){\textbackslash}r1520-4081 (Linking)},
    doi = {10.1002/tox.20411},
    issn = {1522-7278 (ELECTRONIC) 1520-4081 (LINKING)},
    keywords = {Metals, Mixture toxicity, Phenanthrenequinone (PHQ), Reactive oxygen species (ROS), Vibrio fischeri}
}

@article{Solomon2013AtrazineSoil.,
    title = {{Atrazine biodegradation efficiency, metabolite detection, and trzD gene expression by enrichment bacterial cultures from agricultural soil.}},
    year = {2013},
    journal = {Journal of Zhejiang University. Science. B},
    author = {Solomon, Robinson David Jebakumar and Kumar, Amit and Satheeja Santhi, Velayudhan},
    number = {12},
    month = {12},
    pages = {1162--72},
    volume = {14},
    publisher = {Zhejiang University Press},
    url = {http://www.ncbi.nlm.nih.gov/pubmed/24302716 http://www.pubmedcentral.nih.gov/articlerender.fcgi?artid=PMC3863374},
    doi = {10.1631/jzus.B1300001},
    issn = {1862-1783},
    pmid = {24302716}
}

@article{Sverdrup2007BenzoBacteria,
    title = {{Benzo (a) pyrene shows low toxicity to three species of terrestrial plants , two soil invertebrates , and soil-nitrifying bacteria}},
    year = {2007},
    author = {Sverdrup, Line E and Hagen, Snorre B and Henning, Paul and Gestel, Cornelis A M Van},
    pages = {362--368},
    volume = {66},
    doi = {10.1016/j.ecoenv.2006.01.007},
    keywords = {bap, effect, growth, reproduction, toxicity}
}

@article{Hartnik2007Bioassay-directedGroundwater,
    title = {{Bioassay-directed identification of toxic organic compounds in creosote-contaminated groundwater}},
    year = {2007},
    journal = {Chemosphere},
    author = {Hartnik, Thomas and Norli, Hans Ragnar and Eggen, Trine and Breedveld, Gijsbert D.},
    number = {3},
    month = {1},
    pages = {435--443},
    volume = {66},
    publisher = {Pergamon},
    url = {https://www.sciencedirect.com/science/article/pii/S0045653506007624},
    doi = {10.1016/J.CHEMOSPHERE.2006.06.031},
    issn = {0045-6535}
}

@article{Haritash2009BiodegradationReview,
    title = {{Biodegradation aspects of Polycyclic Aromatic Hydrocarbons (PAHs): A review}},
    year = {2009},
    journal = {Journal of Hazardous Materials},
    author = {Haritash, A K and Kaushik, C P},
    pages = {1--15},
    volume = {169},
    url = {https://ac.els-cdn.com/S0304389409005494/1-s2.0-S0304389409005494-main.pdf?_tid=ee4495e2-f398-4983-9714-c0fbf8e683af&acdnat=1524914641_a7eeb6abe77f2d899ea480f6f494008b},
    doi = {10.1016/j.jhazmat.2009.03.137},
    keywords = {Aromatic, Bacteria, Biodegradation, Fungi, Hs), Hydrocarbons (PA, Phytoremediation, Polycyclic}
}

@article{Juhasz2000BioremediationBenzoapyrene,
    title = {{Bioremediation of high molecular weight polycyclic aromatic hydrocarbons: a review of the microbial degradation of benzo[a]pyrene}},
    year = {2000},
    journal = {International Biodeterioration {\&} Biodegradation},
    author = {Juhasz, Albert L and Naidu, Ravendra},
    number = {1-2},
    month = {1},
    pages = {57--88},
    volume = {45},
    publisher = {Elsevier},
    url = {https://www.sciencedirect.com/science/article/pii/S0964830500000524?via%3Dihub},
    doi = {10.1016/S0964-8305(00)00052-4},
    issn = {0964-8305}
}

@article{Valentine1996BiosorptionZone,
    title = {{Biosorption of cadmium, cobalt, nickel, and strontium by a Bacillus simplex strain isolated from the vadose zone}},
    year = {1996},
    journal = {Journal of Industrial Microbiology},
    author = {Valentine, NB and Bolton Jr, H and Kingsley, MT and Drake, GR and BalkwilF, DL and Plymale, Ae},
    pages = {189--196},
    volume = {16},
    url = {https://link.springer.com/content/pdf/10.1007%2FBF01570003.pdf},
    keywords = {biosorption, cadmium, cobalt, nickel, strontium, subsurface bacterium, vadose}
}

@article{deJesusGaffney2016ChemicalWater,
    title = {{Chemical and biochemical characterization and in vivo safety evaluation of pharmaceuticals in drinking water}},
    year = {2016},
    journal = {Environmental Toxicology and Chemistry},
    author = {de Jesus Gaffney, Vanessa and Mota-Filipe, Helder and Pinto, Rui Amaro and Thiemermann, Chris and Loureiro, Marta and Cardoso, Vitor Vale and Benoliel, Maria João and Almeida, Cristina M.M.},
    number = {11},
    month = {11},
    pages = {2674--2682},
    volume = {35},
    url = {http://doi.wiley.com/10.1002/etc.3451},
    isbn = {821-R-08-002},
    doi = {10.1002/etc.3451},
    issn = {15528618},
    pmid = {27039201},
    arxivId = {arXiv:1011.1669v3},
    keywords = {Analytical toxicology, Chronic exposure, Organ toxicity, Pharmaceutical, Rat, Water quality}
}

@book{Feckler2017ChemicalConsumers,
    title = {{Chemical stressors influence aquatic ecosystem processes primary consumers}},
    year = {2017},
    author = {Feckler, Alexander},
    isbn = {9789177600688}
}

@article{Galus2013ChronicZebrafish,
    title = {{Chronic effects of exposure to a pharmaceutical mixture and municipal wastewater in zebrafish}},
    year = {2013},
    journal = {Aquatic Toxicology},
    author = {Galus, Michal and Jeyaranjaan, Judy and Smith, Emily and Li, Hongxia and Metcalfe, Chris and Wilson, Joanna Y},
    number = {133},
    pages = {212--222},
    volume = {132-133},
    url = {https://ac.els-cdn.com/S0166445X12003530/1-s2.0-S0166445X12003530-main.pdf?_tid=50a54352-df0b-11e7-b5a1-00000aab0f01&acdnat=1513062715_3db81c25a7c96ce81f82d3ee9df87b2d},
    doi = {10.1016/j.aquatox.2012.12.016},
    keywords = {Development, Histology, Pharmaceutical mixture, Reproduction, Wastewater effluent, Zebrafish}
}

@article{SOMMER2008ClimateBloom,
    title = {{Climate change and the timing, magnitude, and composition of the phytoplankton spring bloom}},
    year = {2008},
    journal = {Global Change Biology},
    author = {SOMMER, ULRICH and LENGFELLNER, KATHRIN},
    number = {6},
    month = {6},
    pages = {1199--1208},
    volume = {14},
    publisher = {Wiley/Blackwell (10.1111)},
    url = {http://doi.wiley.com/10.1111/j.1365-2486.2008.01571.x},
    doi = {10.1111/j.1365-2486.2008.01571.x},
    issn = {1354-1013},
    keywords = {climate change, phytoplankton, spring bloom, zooplankton}
}

@article{Piggott2015ClimateComposition,
    title = {{Climate warming and agricultural stressors interact to determine stream periphyton community composition}},
    year = {2015},
    journal = {Global Change Biology},
    author = {Piggott, Jeremy J. and Salis, Romana K. and Lear, Gavin and Townsend, Colin R. and Matthaei, Christoph D.},
    number = {1},
    month = {1},
    pages = {206--222},
    volume = {21},
    publisher = {Wiley/Blackwell (10.1111)},
    url = {http://doi.wiley.com/10.1111/gcb.12661},
    doi = {10.1111/gcb.12661},
    issn = {13541013},
    keywords = {algae, antagonism, bacteria, cumulative effect, nutrients, sediment, synergism, temperature}
}

@article{Baker-Austin2006Co-selectionResistance,
    title = {{Co-selection of antibiotic and metal resistance}},
    year = {2006},
    journal = {Trends in Microbiology},
    author = {Baker-Austin, Craig and Wright, Meredith S. and Stepanauskas, Ramunas and McArthur, J.V.},
    number = {4},
    month = {4},
    pages = {176--182},
    volume = {14},
    publisher = {Elsevier Current Trends},
    url = {https://www.sciencedirect.com/science/article/pii/S0966842X06000515?via%3Dihub},
    doi = {10.1016/J.TIM.2006.02.006},
    issn = {0966-842X}
}

@article{Mackenzie1986CombinedInfluenzae.,
    title = {{Combined action of chloramphenicol and ampicillin on chloramphenicol-resistant Haemophilus influenzae.}},
    year = {1986},
    journal = {Antimicrobial agents and chemotherapy},
    author = {Mackenzie, A M and Chan, F T},
    number = {4},
    month = {4},
    pages = {565--9},
    volume = {29},
    publisher = {American Society for Microbiology},
    url = {http://www.ncbi.nlm.nih.gov/pubmed/3486629 http://www.pubmedcentral.nih.gov/articlerender.fcgi?artid=PMC180442},
    doi = {10.1128/AAC.29.4.565},
    issn = {0066-4804},
    pmid = {3486629}
}

@article{Artigas2014ComparativeEcosystems,
    title = {{Comparative sensitivity to the fungicide tebuconazole of biofilm and plankton microbial communities in freshwater ecosystems}},
    year = {2014},
    journal = {Science of The Total Environment},
    author = {Artigas, J. and Pascault, N. and Bouchez, A. and Chastain, J. and Debroas, D. and Humbert, J.F. and Leloup, J. and Tadonleke, R.D. and ter Halle, A. and Pesce, S.},
    month = {1},
    pages = {326--336},
    volume = {468-469},
    publisher = {Elsevier},
    url = {https://www.sciencedirect.com/science/article/pii/S0048969713010012?via%3Dihub},
    doi = {10.1016/J.SCITOTENV.2013.08.074},
    issn = {0048-9697}
}

@article{Allan2011ContrastingExperiment,
    title = {{Contrasting effects of insect and molluscan herbivores on plant diversity in a long-term field experiment}},
    year = {2011},
    journal = {Ecology Letters},
    author = {Allan, Eric and Crawley, Michael J.},
    number = {12},
    pages = {1246--1253},
    volume = {14},
    isbn = {1461-023X},
    doi = {10.1111/j.1461-0248.2011.01694.x},
    issn = {1461023X},
    pmid = {22017580},
    arxivId = {arXiv:1011.1669v3},
    keywords = {Biodiversity, Coexistence, Herbivory, Insect herbivores, Long-term experiments, Molluscs}
}

@article{Mykytczuk2011CytoplasmicFerrooxidans,
    title = {{Cytoplasmic membrane response to copper and nickel in Acidithiobacillus ferrooxidans}},
    year = {2011},
    journal = {Microbiological Research},
    author = {Mykytczuk, N C S and Trevors, J T and Ferroni, G D and Leduc, L G},
    number = {3},
    pages = {186--206},
    volume = {166},
    publisher = {Elsevier GmbH.},
    url = {http://dx.doi.org/10.1016/j.micres.2010.03.004},
    isbn = {0944-5013},
    doi = {10.1016/j.micres.2010.03.004},
    issn = {09445013},
    pmid = {20630730},
    keywords = {Acidithiobacillus ferrooxidans, Adaptation, Cytoplasmic membrane, Fatty acids, Fluidity, Fluorescence polarization, Metals}
}

@article{Sancho2009DisturbancesTebuconazole,
    title = {{Disturbances in energy metabolism of Daphnia magna after exposure to tebuconazole}},
    year = {2009},
    journal = {Chemosphere},
    author = {Sancho, E. and Villarroel, M.J. and Andreu, E. and Ferrando, M.D.},
    number = {9},
    month = {3},
    pages = {1171--1178},
    volume = {74},
    publisher = {Pergamon},
    url = {https://www.sciencedirect.com/science/article/pii/S0045653508014860?via%3Dihub},
    doi = {10.1016/J.CHEMOSPHERE.2008.11.076},
    issn = {0045-6535}
}

@article{OHara2010DoData,
    title = {{Do not log-transform count data}},
    year = {2010},
    journal = {Methods in Ecology and Evolution},
    author = {O’Hara, Robert B. and Kotze, D. Johan},
    number = {2},
    month = {3},
    pages = {118--122},
    volume = {1},
    publisher = {Blackwell Publishing Ltd},
    url = {http://doi.wiley.com/10.1111/j.2041-210X.2010.00021.x},
    doi = {10.1111/j.2041-210X.2010.00021.x},
    issn = {2041210X},
    keywords = {Poisson, generalized linear models, linear models, overdispersion, transformation}
}

@article{Walther2002EcologicalChange,
    title = {{Ecological responses to recent climate change}},
    year = {2002},
    journal = {Nature},
    author = {Walther, Gian-Reto and Post, Eric and Convey, Peter and Menzel, Annette and Parmesan, Camille and Beebee, Trevor J. C. and Fromentin, Jean-Marc and Hoegh-Guldberg, Ove and Bairlein, Franz},
    number = {6879},
    month = {3},
    pages = {389--395},
    volume = {416},
    publisher = {Nature Publishing Group},
    url = {http://www.nature.com/articles/416389a},
    doi = {10.1038/416389a},
    issn = {0028-0836}
}

@article{Sihtmae2013EcotoxicologicalFormulations,
    title = {{Ecotoxicological effects of different glyphosate formulations}},
    year = {2013},
    journal = {Applied Soil Ecology},
    author = {Sihtm{\"{a}}e, M. and Blinova, I. and K{\"{u}}nnis-Beres, K. and Kanarbik, L. and Heinlaan, M. and Kahru, A.},
    month = {10},
    pages = {215--224},
    volume = {72},
    publisher = {Elsevier},
    url = {https://www.sciencedirect.com/science/article/pii/S0929139313001923},
    isbn = {0929-1393; 1873-0272},
    doi = {10.1016/j.apsoil.2013.07.005},
    issn = {09291393},
    pmid = {24467857},
    arxivId = {arXiv:1011.1669v3},
    keywords = {Daphnia magna, Roundup, Soil bacteria, Soil self-remediation, Vibrio fischeri}
}

@misc{Beketov2012EcotoxicologyIntegration,
    title = {{Ecotoxicology and macroecology - Time for integration}},
    year = {2012},
    booktitle = {Environmental Pollution},
    author = {Beketov, Mikhail A. and Liess, Matthias},
    month = {3},
    pages = {247--254},
    volume = {162},
    publisher = {Elsevier},
    url = {http://www.sciencedirect.com/science/article/pii/S0269749111006282},
    isbn = {0269-7491},
    doi = {10.1016/j.envpol.2011.11.011},
    issn = {02697491},
    pmid = {22243871},
    keywords = {Biodiversity, Ecological impact assessment, Environmental toxicology, Large spatial scale, Macroecology}
}

@article{Millien2006EcotypicRules,
    title = {{Ecotypic variation in the context of global climate change: revisiting the rules}},
    year = {2006},
    journal = {Ecology Letters},
    author = {Millien, Virginie and Kathleen Lyons, S. and Olson, Link and Smith, Felisa A. and Wilson, Anthony B. and Yom-Tov, Yoram},
    number = {7},
    month = {7},
    pages = {853--869},
    volume = {9},
    publisher = {Wiley/Blackwell (10.1111)},
    url = {http://doi.wiley.com/10.1111/j.1461-0248.2006.00928.x},
    doi = {10.1111/j.1461-0248.2006.00928.x},
    issn = {1461-023X},
    keywords = {Bergmann's rule, body size evolution, climate change, geographical variation, time scale}
}

@article{Fulladosa2005EffectBacteria,
    title = {{Effect of Cadmium(II), Chromium(VI), and Arsenic(V) on Long-Term Viability- and Growth-Inhibition Assays Using Vibrio fischeri Marine Bacteria}},
    year = {2005},
    journal = {Archives of Environmental Contamination and Toxicology},
    author = {Fulladosa, E and Murat, J. C. and Villaescusa, I.},
    number = {3},
    month = {10},
    pages = {299--306},
    volume = {49},
    publisher = {Springer-Verlag},
    url = {http://link.springer.com/10.1007/s00244-004-0170-5},
    doi = {10.1007/s00244-004-0170-5},
    issn = {0090-4341}
}

@article{Olajuyigbe2017EffectsImportance,
    title = {{Effects and time-kill assessment of amoxicillin used in combination with chloramphenicol against bacteria of clinical importance}},
    year = {2017},
    journal = {Acta Biochimica Polonica},
    author = {Olajuyigbe, Olufunmiso O and Coopoosamy, Roger M and Afolayan, Anthony J},
    number = {4},
    pages = {609--613},
    volume = {64},
    doi = {10.18388/abp.2016{\_}1495},
    issn = {1734154X},
    pmid = {29202138},
    keywords = {Drug-drug interactions, Fractional inhibitory concentrations, Multidrug resistance, Time-kill assessment}
}

@article{Griffin2013EffectsMeta-analysis,
    title = {{Effects of predator richness on prey suppression: a meta-analysis}},
    year = {2013},
    journal = {Ecology},
    author = {Griffin, John N. and Byrnes, Jarrett E. K. and Cardinale, Bradley J.},
    number = {10},
    month = {10},
    pages = {2180--2187},
    volume = {94},
    publisher = {Wiley-Blackwell},
    url = {http://doi.wiley.com/10.1890/13-0179.1},
    doi = {10.1890/13-0179.1},
    issn = {0012-9658},
    keywords = {PD, TD, biodiversity, carnivores, complementarity, ecosystem function, phylogenetic diversity, taxonomic distinctness}
}

@article{VanBruggen2018EnvironmentalGlyphosate,
    title = {{Environmental and health effects of the herbicide glyphosate}},
    year = {2018},
    journal = {Science of The Total Environment},
    author = {Van Bruggen, A.H.C. and He, M.M. and Shin, K. and Mai, V. and Jeong, K.C. and Finckh, M.R. and Morris, J.G.},
    month = {3},
    pages = {255--268},
    volume = {616-617},
    publisher = {Elsevier},
    url = {https://www.sciencedirect.com/science/article/pii/S0048969717330279?via%3Dihub},
    doi = {10.1016/J.SCITOTENV.2017.10.309},
    issn = {0048-9697}
}

@misc{Rooklidge2004EnvironmentalPathways,
    title = {{Environmental antimicrobial contamination from terraccumulation and diffuse pollution pathways}},
    year = {2004},
    booktitle = {Science of the Total Environment},
    author = {Rooklidge, Stephen J},
    number = {1-3},
    pages = {1--13},
    volume = {325},
    url = {https://ac.els-cdn.com/S0048969703006600/1-s2.0-S0048969703006600-main.pdf?_tid=8c674118-d6bb-11e7-81f0-00000aab0f01&acdnat=1512148846_2a9c395c29cc4d127fe6affb5825b025},
    isbn = {0048-9697},
    doi = {10.1016/j.scitotenv.2003.11.007},
    issn = {00489697},
    pmid = {15144773},
    keywords = {Antibiotics, Antimicrobials, Diffuse pollution, Non-point, Pharmaceuticals, Resistance}
}

@article{Nayar2004EnvironmentalMesocosms,
    title = {{Environmental impact of heavy metals from dredged and resuspended sediments on phytoplankton and bacteria assessed in in situ mesocosms}},
    year = {2004},
    journal = {Ecotoxicology and Environmental Safety},
    author = {Nayar, S. and Goh, B.P.L. and Chou, L.M.},
    number = {3},
    month = {11},
    pages = {349--369},
    volume = {59},
    publisher = {Academic Press},
    url = {https://www.sciencedirect.com/science/article/pii/S0147651303001623?via%3Dihub},
    doi = {10.1016/J.ECOENV.2003.08.015},
    issn = {0147-6513}
}

@article{Hernando2006EnvironmentalSediments,
    title = {{Environmental risk assessment of pharmaceutical residues in wastewater effluents, surface waters and sediments}},
    year = {2006},
    journal = {Talanta},
    author = {Hernando, M D and Mezcua, M and Fern{\'{a}}ndez-Alba, A R and Barcel{\'{o}}, D},
    pages = {334--342},
    volume = {69},
    url = {https://ac.els-cdn.com/S0039914005006594/1-s2.0-S0039914005006594-main.pdf?_tid=90af6254-deb4-11e7-81f4-00000aab0f01&acdnat=1513025456_d0749c95f42920cad9d8a72235172978},
    doi = {10.1016/j.talanta.2005.09.037},
    keywords = {Environmental risk assessment, Pharmaceuticals, Residues, Sediments, Surface waters, Wastewaters}
}

@article{Ghiglione2014EnvironmentalObjectives,
    title = {{Environmental Science and Pollution Research The coming of age of microbial ecotoxicology: report on the first two meetings in France Context and objectives}},
    year = {2014},
    author = {Ghiglione, Jean-François and Martin-Laurent, Fabrice and Stachowski-Haberkorn, Sabine and Pesce, Stéphane and Vuilleumier, Stéphane},
    number = {24},
    pages = {14241--14245},
    volume = {21},
    url = {http://dx.doi.org/10.1007/s11356-014-3390-x http://www.springerlink.com http://archimer.ifremer.fr},
    doi = {10.1007/s11356-014-3390-x}
}

@article{Gray2014FORUM:Science,
    title = {{FORUM: Ecological networks: the missing links in biomonitoring science}},
    year = {2014},
    journal = {Journal of Applied Ecology},
    author = {Gray, Clare and Baird, Donald J. and Baumgartner, Simone and Jacob, Ute and Jenkins, Gareth B. and O'Gorman, Eoin J. and Lu, Xueke and Ma, Athen and Pocock, Michael J. O. and Schuwirth, Nele and Thompson, Murray and Woodward, Guy},
    editor = {Bennett, Joseph},
    number = {5},
    month = {10},
    pages = {1444--1449},
    volume = {51},
    publisher = {Wiley/Blackwell (10.1111)},
    url = {http://doi.wiley.com/10.1111/1365-2664.12300},
    doi = {10.1111/1365-2664.12300},
    issn = {00218901},
    keywords = {anthropogenic stress, climate change, conservation, food web, global warming, mutualism, pollination}
}

@article{Vorosmarty2010GlobalBiodiversity,
    title = {{Global threats to human water security and river biodiversity}},
    year = {2010},
    journal = {Nature},
    author = {V{\"{o}}r{\"{o}}smarty, C. J. and McIntyre, P. B. and Gessner, M. O. and Dudgeon, D. and Prusevich, A. and Green, P. and Glidden, S. and Bunn, S. E. and Sullivan, C. A. and Liermann, C. Reidy and Davies, P. M.},
    number = {7315},
    month = {9},
    pages = {555--561},
    volume = {467},
    publisher = {Nature Publishing Group},
    url = {http://www.nature.com/articles/nature09440},
    doi = {10.1038/nature09440},
    issn = {0028-0836},
    keywords = {Biodiversity, Conservation biology, Databases, Freshwater ecology}
}

@article{Daufresne2009GlobalEcosystems,
    title = {{Global warming benefits the small in aquatic ecosystems}},
    year = {2009},
    journal = {Proceedings of the National Academy of Sciences},
    author = {Daufresne, Martin and Lengfellner, Kathrin and Sommer, Ulrich},
    number = {31},
    pages = {12788--12793},
    volume = {106},
    url = {http://www.pnas.org/content/pnas/106/31/12788.full.pdf http://www.pnas.org/cgi/doi/10.1073/pnas.0902080106},
    isbn = {0027-8424},
    doi = {10.1073/pnas.0902080106},
    issn = {0027-8424},
    pmid = {19620720}
}

@article{Tisler2009HazardEnvironment,
    title = {{Hazard identification of imidacloprid to aquatic environment}},
    year = {2009},
    journal = {Chemosphere},
    author = {Ti{\v{s}}ler, Tatjana and Jemec, Anita and Mozeti{\v{c}}, Branka and Treb{\v{s}}e, Polonca},
    number = {7},
    month = {8},
    pages = {907--914},
    volume = {76},
    publisher = {Pergamon},
    url = {https://www.sciencedirect.com/science/article/pii/S0045653509005815?via%3Dihub},
    doi = {10.1016/J.CHEMOSPHERE.2009.05.002},
    issn = {0045-6535}
}

@misc{Rattner2009HistoryToxicology,
    title = {{History of wildlife toxicology}},
    year = {2009},
    booktitle = {Ecotoxicology},
    author = {Rattner, Barnett A},
    number = {7},
    pages = {773--783},
    volume = {18},
    url = {https://link.springer.com/content/pdf/10.1007%2Fs10646-009-0354-x.pdf},
    isbn = {0963-9292},
    doi = {10.1007/s10646-009-0354-x},
    issn = {09639292},
    pmid = {19533341},
    keywords = {Environmental contaminants, History, Pollution, Wildlife}
}

@misc{Hanson2017HowProtection,
    title = {{How we can make ecotoxicology more valuable to environmental protection}},
    year = {2017},
    booktitle = {Science of the Total Environment},
    author = {Hanson, M. L. and Wolff, B. A. and Green, J. W. and Kivi, M. and Panter, G. H. and Warne, M. St J. and {\AA}gerstrand, M. and Sumpter, J. P.},
    month = {2},
    pages = {228--235},
    volume = {578},
    publisher = {Elsevier},
    url = {http://www.sciencedirect.com/science/article/pii/S004896971631614X},
    doi = {10.1016/j.scitotenv.2016.07.160},
    issn = {18791026},
    keywords = {Peer review, Publications, Quality, Relevance, Reliability, Reporting recommendations, Risk assessment}
}

@article{Johnson2002HumanScales,
    title = {{Human and Ecological Risk Assessment: An International Journal Landscape Ecotoxicology and Assessment of Risk at Multiple Scales Landscape Ecotoxicology and Assessment of Risk at Multiple Scales}},
    year = {2002},
    journal = {Human and Ecological Risk Assessment: An International Journal Human and Ecological Risk Assessment},
    author = {Johnson, Alan R},
    number = {1},
    pages = {127--146},
    volume = {8},
    url = {http://www.tandfonline.com/action/journalInformation?journalCode=bher20 http://dx.doi.org/10.1080/20028091056773},
    doi = {10.1080/20028091056773},
    keywords = {ecotoxicology INTRODUCTION TO LANDSCAPE ECOLOGY, landscape ecology, metapopulations, patch dynamics, scale, source-sink populations, spatial heterogeneity}
}

@article{Nordea2016ImpactsIndia,
    title = {{Impacts of Pharmaceutical Pollution on Communities and Environment in India}},
    year = {2016},
    journal = {Nordea Asset Management},
    author = {{Nordea}},
    url = {http://changingmarkets.org/wp-content/uploads/2016/12/Impacts-of-pharmaceutical-pollution-on-communities-and-environment-in-India-WEB-light.pdf}
}

@article{Hahn2007IndirectBehavior,
    title = {{Indirect effects of antibiotics in the aquatic environment: A laboratory study on detritivore food selection behavior}},
    year = {2007},
    journal = {Human and Ecological Risk Assessment},
    author = {Hahn, Torsten and Schulz, Ralf},
    number = {3},
    pages = {535--542},
    volume = {13},
    url = {http://www.tandfonline.com/action/journalInformation?journalCode=bher20 https://doi.org/10.1080/10807030701341092},
    isbn = {1080703070134},
    doi = {10.1080/10807030701341092},
    issn = {10807039},
    keywords = {Antibiotics, Food selection, Gammarus pulex, Indirect effects, Leaf litter decomposition, Pharmaceuticals}
}

@article{Maul2006IndirectBehavior,
    title = {{Indirect Effects of Antibiotics in the Aquatic Environment: A Laboratory Study on Detritivore Food Selection Behavior}},
    year = {2006},
    journal = {Environmental Toxicology and Chemistry},
    author = {Maul, Jonathan D. and Schuler, Lance J. and Belden, Jason B. and Whiles, Matt R. and Lydy, Michael J.},
    number = {6},
    month = {6},
    pages = {1598},
    volume = {25},
    publisher = {Wiley Periodicals, Inc.},
    url = {http://doi.wiley.com/10.1897/05-441R.1},
    isbn = {0730-7268 (Print){\textbackslash}r0730-7268 (Linking)},
    doi = {10.1897/05-441R.1},
    issn = {0730-7268},
    pmid = {16764479},
    keywords = {Antibiotic, Ciprofloxacin, Detritivores, Microbial community‐level physiological profiles, Stream ecosystem}
}

@article{Perez1991InfluenceMODELS,
    title = {{Influence of Size on Fate and Ecological Effects of Kepone in Physical Models INFLUENCE OF SIZE ON FATE AND ECOLOGICAL EFFECTS OF KEPONE IN PHYSICAL MODELS'}},
    year = {1991},
    journal = {Source: Ecological Applications Ecological Applications},
    author = {Perez, Kenneth T and Morrison, George E and Davey, Earl W and Lackie, Neal F and Soper, Albert E and Blasco, Richard J and Winslow, Donald L and Johnson, Roxanne L and Murphy, Peter G and Heltshe, James F},
    number = {13},
    pages = {237--248},
    volume = {1},
    url = {http://www.jstor.org/stable/1941753 http://about.jstor.org/terms},
    keywords = {Kepone, chemicalfate, ecosystems, environmental effects, marine system, microcosms, models, scale, simulation, size}
}

@article{Crain2008InteractiveSystems,
    title = {{Interactive and cumulative effects of multiple human stressors in marine systems}},
    year = {2008},
    journal = {Ecology Letters},
    author = {Crain, Caitlin Mullan and Kroeker, Kristy and Halpern, Benjamin S.},
    number = {12},
    month = {12},
    pages = {1304--1315},
    volume = {11},
    publisher = {Wiley/Blackwell (10.1111)},
    url = {http://doi.wiley.com/10.1111/j.1461-0248.2008.01253.x},
    doi = {10.1111/j.1461-0248.2008.01253.x},
    issn = {1461023X},
    keywords = {Antagonisms, cumulative stressors, cumulative threat models, ecosystem‐based management, interactions, synergisms, threat‐analysis}
}

@article{Rolfe2012LagAccumulation.,
    title = {{Lag phase is a distinct growth phase that prepares bacteria for exponential growth and involves transient metal accumulation.}},
    year = {2012},
    journal = {Journal of bacteriology},
    author = {Rolfe, Matthew D and Rice, Christopher J and Lucchini, Sacha and Pin, Carmen and Thompson, Arthur and Cameron, Andrew D S and Alston, Mark and Stringer, Michael F and Betts, Roy P and Baranyi, József and Peck, Michael W and Hinton, Jay C D},
    number = {3},
    month = {2},
    pages = {686--701},
    volume = {194},
    publisher = {American Society for Microbiology (ASM)},
    url = {http://www.ncbi.nlm.nih.gov/pubmed/22139505 http://www.pubmedcentral.nih.gov/articlerender.fcgi?artid=PMC3264077},
    doi = {10.1128/JB.06112-11},
    issn = {1098-5530},
    pmid = {22139505}
}

@article{Johansen2005LuteibacterL.,
    title = {{Luteibacter rhizovicinus gen. nov., sp. nov., a yellow-pigmented gammaproteobacterium isolated from the rhizosphere of barley (Hordeum vulgare L.)}},
    year = {2005},
    journal = {International Journal of Systematic and Evolutionary Microbiology},
    author = {Johansen, Jens E. and Binnerup, Svend J. and Kroer, Niels and M{\o}lbak, Lars},
    number = {6},
    month = {11},
    pages = {2285--2291},
    volume = {55},
    publisher = {Microbiology Society},
    url = {http://ijs.microbiologyresearch.org/content/journal/ijsem/10.1099/ijs.0.63497-0#tab2},
    doi = {10.1099/ijs.0.63497-0},
    issn = {1466-5034},
    keywords = {ERIC, enterobacterial repetitive intergenic consensus sequence, RAPD, random amplified polymorphic DNA}
}

@incollection{vanBambeke2017MechanismsAction,
    title = {{Mechanisms of Action}},
    year = {2017},
    booktitle = {Infectious Diseases},
    author = {van Bambeke, Françoise and Mingeot-Leclercq, Marie-Paule and Glupczynski, Youri and Tulkens, Paul M.},
    month = {1},
    pages = {1162--1180},
    publisher = {Elsevier},
    url = {https://www.sciencedirect.com/science/article/pii/B9780702062858001374 http://linkinghub.elsevier.com/retrieve/pii/B9780702062858001374},
    isbn = {9780702062858},
    doi = {10.1016/B978-0-7020-6285-8.00137-4}
}

@article{Ruiz1999MechanismsFish,
    title = {{Mechanisms of resistance to ampicillin, chloramphenicol and quinolones in multiresistant Salmonella typhimurium strains isolated from fish}},
    year = {1999},
    journal = {Journal of Antimicrobial Chemotherapy},
    author = {Ruiz, J. and Capitano, Liliana and Nu{\~{n}}ez, Laura and Castro, Dolores and Sierra, Josep M. and Hatha, Mohamed and Borrego, Juan J. and Vila, Jordi},
    number = {5},
    month = {5},
    pages = {699--702},
    volume = {43},
    publisher = {Oxford University Press},
    url = {https://academic.oup.com/jac/article-lookup/doi/10.1093/jac/43.5.699},
    doi = {10.1093/jac/43.5.699},
    issn = {14602091}
}

@article{Satola2013MetabolicParadoxus,
    title = {{Metabolic characteristics of the species Variovorax paradoxus}},
    year = {2013},
    journal = {Applied Microbiology and Biotechnology},
    author = {Satola, Barbara and W{\"{u}}bbeler, Jan Hendrik and Steinb{\"{u}}chel, Alexander},
    number = {2},
    month = {1},
    pages = {541--560},
    volume = {97},
    publisher = {Springer-Verlag},
    url = {http://link.springer.com/10.1007/s00253-012-4585-z},
    doi = {10.1007/s00253-012-4585-z},
    issn = {0175-7598}
}

@article{Bacmaga2015MicrobialAzoxystrobin,
    title = {{Microbial and enzymatic activity of soil contaminated with azoxystrobin}},
    year = {2015},
    journal = {Environmental Monitoring and Assessment},
    author = {Ba{\'{c}}maga, Małgorzata and Kucharski, Jan and Wyszkowska, Jadwiga},
    number = {10},
    month = {10},
    pages = {615},
    volume = {187},
    publisher = {Springer},
    url = {http://www.ncbi.nlm.nih.gov/pubmed/26343782 http://www.pubmedcentral.nih.gov/articlerender.fcgi?artid=PMC4561232},
    doi = {10.1007/s10661-015-4827-5},
    issn = {15732959},
    pmid = {26343782},
    keywords = {Azoxystrobin, Biodiversity, Enzymes, Identification of microorganisms, Microorganisms, Resistance}
}

@article{Singh2010MicroorganismsOptions,
    title = {{Microorganisms and climate change: terrestrial feedbacks and mitigation options}},
    year = {2010},
    journal = {Nature Reviews Microbiology},
    author = {Singh, Brajesh K. and Bardgett, Richard D. and Smith, Pete and Reay, Dave S.},
    number = {11},
    month = {11},
    pages = {779--790},
    volume = {8},
    publisher = {Nature Publishing Group},
    url = {http://www.nature.com/articles/nrmicro2439},
    doi = {10.1038/nrmicro2439},
    issn = {1740-1526},
    keywords = {Biogeochemistry, Climate, Microbial ecology, change mitigation}
}

@article{Carvalho2014MixturesThey,
    title = {{Mixtures of Chemical Pollutants at European Legislation Safety Concentrations: How Safe Are They?}},
    year = {2014},
    journal = {Toxicological Sciences},
    author = {Carvalho, Raquel N. and Arukwe, Augustine and Ait-Aissa, Selim and Bado-Nilles, Anne and Balzamo, Stefania and Baun, Anders and Belkin, Shimshon and Blaha, Ludek and Brion, François and Conti, Daniela and Creusot, Nicolas and Essig, Yona and Ferrero, Valentina E. V. and Flander-Putrle, Vesna and F{\"{u}}rhacker, Maria and Grillari-Voglauer, Regina and Hogstrand, Christer and Jon{\'{a}}{\v{s}}, Adam and Kharlyngdoh, Joubert B. and Loos, Robert and Lundebye, Anne-Katrine and Modig, Carina and Olsson, Per-Erik and Pillai, Smitha and Polak, Natasa and Potalivo, Monica and Sanchez, Wilfried and Schifferli, Andrea and Schirmer, Kristin and Sforzini, Susanna and St{\"{u}}rzenbaum, Stephen R. and S{\o}fteland, Liv and Turk, Valentina and Viarengo, Aldo and Werner, Inge and Yagur-Kroll, Sharon and Zounkov{\'{a}}, Radka and Lettieri, Teresa},
    number = {1},
    month = {9},
    pages = {218--233},
    volume = {141},
    publisher = {Oxford University Press},
    url = {http://academic.oup.com/toxsci/article/141/1/218/2338269/Mixtures-of-Chemical-Pollutants-at-European},
    doi = {10.1093/toxsci/kfu118},
    issn = {1096-6080},
    keywords = {anura, chemical surfactants, daphnia, embryo, hydrocarbons, immobilization, laboratory, pesticides, pulmonary surfactants, statutes and laws, subphylum crustacea, toxicant}
}

@article{Zwietering1990ModelingCurve,
    title = {{Modeling of the Bacterial Growth Curve}},
    year = {1990},
    journal = {APPLIED AND ENVIRONMENTAL MICROBIOLOGY},
    author = {Zwietering, M H and Jongenburger, I and Rombouts, F M and Van ', K and Riet, T},
    pages = {1875--1881},
    url = {https://www.ncbi.nlm.nih.gov/pmc/articles/PMC184525/pdf/aem00087-0379.pdf}
}

@article{EscherModesEffects,
    title = {{Modes of Action in Ecotoxicology: Their Role in Body Burdens, Species Sensitivity, QSARs, and Mixture Effects}},
    author = {Escher, B.I. and Hermens, J.L.M.},
    url = {https://pubs.acs.org/doi/pdf/10.1021/es015848h},
    doi = {10.1021/es015848h}
}

@article{OGorman2012MultipleWebs,
    title = {{Multiple anthropogenic stressors and the structural properties of food webs}},
    year = {2012},
    journal = {Ecology},
    author = {O'Gorman, Eoin J. and Fitch, Jayne E. and Crowe, Tasman P.},
    number = {3},
    month = {3},
    pages = {441--448},
    volume = {93},
    publisher = {Wiley-Blackwell},
    url = {http://doi.wiley.com/10.1890/11-0982.1},
    isbn = {00129658 (ISSN)},
    doi = {10.1890/11-0982.1},
    issn = {00129658},
    pmid = {22624198},
    keywords = {Biodiversity, Ecosystem functioning, Marine, Nitrogen deposition, Nutrient enrichment, Predator-prey interactions}
}

@article{VanSon2006MultipleWeb,
    title = {{Multiple predator effects in an intertidal food web}},
    year = {2006},
    journal = {Journal of Animal Ecology},
    author = {Van Son, Thijs Christiaan and Thiel, Martin},
    number = {1},
    month = {1},
    pages = {25--32},
    volume = {75},
    url = {http://www.ncbi.nlm.nih.gov/pubmed/16903040},
    isbn = {1365-2656},
    doi = {10.1111/j.1365-2656.2005.01019.x},
    issn = {00218790},
    pmid = {16903040},
    keywords = {Amphipods, Emergent effects, Predation, Predator-specific responses, Risk enhancement}
}

@article{Bielen2017NegativeIndustries,
    title = {{Negative environmental impacts of antibiotic-contaminated effluents from pharmaceutical industries}},
    year = {2017},
    journal = {Water Research},
    author = {Bielen, Ana and Simatovi, Ana and Kosi c-Vuk si, Josipa and Senta, Ivan and Ahel, Marijan and Babi, Sanja and Jurina, Tamara and Jos Gonz alez Plaza, Juan and Milakovi, Milena and Udikovi c-Koli, Nikolina},
    pages = {79--87},
    volume = {126},
    url = {https://ac.els-cdn.com/S004313541730773X/1-s2.0-S004313541730773X-main.pdf?_tid=47098122-deb7-11e7-8562-00000aab0f26&acdnat=1513026630_017b51730167b8470f3deb789d76092e},
    doi = {10.1016/j.watres.2017.09.019},
    keywords = {Antibiotic pollution, Antibiotic resistance, Drug manufacturing, Ecotoxicity, Macrolides}
}

@article{Jeschke2008Neonicotinoids-fromChemistry,
    title = {{Neonicotinoids-from zero to hero in insecticide chemistry}},
    year = {2008},
    journal = {Pest Management Science},
    author = {Jeschke, Peter and Nauen, Ralf},
    number = {11},
    month = {11},
    pages = {1084--1098},
    volume = {64},
    publisher = {John Wiley {\&} Sons, Ltd.},
    url = {http://doi.wiley.com/10.1002/ps.1631},
    doi = {10.1002/ps.1631},
    issn = {1526498X},
    keywords = {bioisosteric segments, insecticides, neonicotinoid, nicotinic acetylcholine receptors, pharmacophore model, resistance, selectivity}
}

@article{Battaglin2011Occurrence20052006,
    title = {{Occurrence of Azoxystrobin, Propiconazole, and Selected Other Fungicides in US Streams, 2005–2006}},
    year = {2011},
    journal = {Water, Air, {\&} Soil Pollution},
    author = {Battaglin, William A. and Sandstrom, Mark W. and Kuivila, Kathryn M. and Kolpin, Dana W. and Meyer, Michael T.},
    number = {1-4},
    month = {6},
    pages = {307--322},
    volume = {218},
    publisher = {Springer Netherlands},
    url = {http://link.springer.com/10.1007/s11270-010-0643-2},
    doi = {10.1007/s11270-010-0643-2},
    issn = {0049-6979}
}

@article{Meulenberg1997PartiallyBiodegradability,
    title = {{Partially oxidized polycyclic aromatic hydrocarbons show an increased bioavailability and biodegradability}},
    year = {1997},
    author = {Meulenberg, Rogier and Rijnaarts, Huub H M and Doddema, Hans J and Field, Jim A},
    pages = {45--49},
    volume = {152}
}

@misc{Pearson_1994_Philos_Trans_R_Soc_Lond_B_Biol_Sci.pdf,
    title = {{Pearson{\_}1994{\_}Philos{\_}Trans{\_}R{\_}Soc{\_}Lond{\_}B{\_}Biol{\_}Sci.pdf}}
}

@article{Knauer2016PesticidesRegulation,
    title = {{Pesticides in surface waters: a comparison with regulatory acceptable concentrations (RACs) determined in the authorization process and consideration for regulation}},
    year = {2016},
    journal = {Knauer Environ Sci Eur},
    author = {Knauer, Katja},
    pages = {13},
    volume = {28},
    url = {https://enveurope.springeropen.com/track/pdf/10.1186/s12302-016-0083-8},
    doi = {10.1186/s12302-016-0083-8},
    keywords = {Monitoring, Pesticides, Regulation, Risk mitigation, Safety, Surface water}
}

@article{Murdoch2015PharmaceuticalCountries,
    title = {{Pharmaceutical Pollution in the Environment : Issues for Australia , New Zealand and Pacific Island countries}},
    year = {2015},
    journal = {national toxics network},
    author = {Murdoch, Kirstie},
    number = {May},
    pages = {36},
    url = {http://www.ntn.org.au/wp/wp-content/uploads/2015/05/NTN-Pharmaceutical-Pollution-in-the-Environment-2015-05.pdf}
}

@techreport{PILLSProject2012PharmaceuticalFuture,
    title = {{Pharmaceutical residues in the aquatic system – a challenge for the future}},
    year = {2012},
    author = {{PILLS Project}},
    url = {http://www.pills-project.eu/PILLS_summary_english.pdf}
}

@article{Cubillas2013PhylogenomicTransporters,
    title = {{Phylogenomic analysis of Cation Diffusion Facilitator proteins uncovers Ni2+/Co2+ transporters}},
    year = {2013},
    journal = {Metallomics},
    author = {Cubillas, Ciro and Vinuesa, Pablo and Tabche, Maria Luisa and Garc{\'{i}}a-De Los Santos, Alejandro},
    number = {12},
    pages = {1634--1643},
    volume = {5},
    isbn = {1756-591X (Electronic){\textbackslash}n1756-5901 (Linking)},
    doi = {10.1039/c3mt00204g},
    issn = {17565901},
    pmid = {24077251}
}

@article{Kookana2014PotentialCountries,
    title = {{Potential ecological footprints of active pharmaceutical ingredients: an examination of risk factors in low-, middle- and high-income countries}},
    year = {2014},
    journal = {Philosophical Transactions of the Royal Society B: Biological Sciences},
    author = {Kookana, Rai S and Williams, Mike and Boxall, Alistair B A and Larsson, D G Joakim and Gaw, Sally and Choi, Kyungho and Yamamoto, Hiroshi and Thatikonda, Shashidhar and Zhu, Y.-G. and Carriquiriborde, Pedro},
    number = {1656},
    pages = {20130586--20130586},
    volume = {369},
    url = {http://dx.doi.org/10.1098/rstb.2013.0586 http://rstb.royalsocietypublishing.org. http://rstb.royalsocietypublishing.org/cgi/doi/10.1098/rstb.2013.0586},
    doi = {10.1098/rstb.2013.0586},
    issn = {0962-8436},
    keywords = {Subject Areas, antibiotics, developing countries, ecological risks, environmental science Keywords, sewage, wastewater}
}

@article{Hein2011PredatorsCommunities,
    title = {{Predators, prey, and transient states in the assembly of spatially structured communities}},
    year = {2011},
    journal = {Ecology},
    author = {Hein, Andrew M. and Gillooly, James F.},
    number = {3},
    pages = {549--555},
    volume = {92},
    isbn = {0012-9658},
    doi = {10.1890/10-1922.1},
    issn = {00129658},
    pmid = {19569358},
    keywords = {Community assembly, Dispersal limitation, Fragmentation, Trophic interactions}
}

@article{Pearman2008PredictionMillennia,
    title = {{Prediction of plant species distributions across six millennia}},
    year = {2008},
    journal = {Ecology Letters},
    author = {Pearman, Peter B. and Randin, Christophe F. and Broennimann, Olivier and Vittoz, Pascal and Knaap, Willem O. van der and Engler, Robin and Lay, Gwenaelle Le and Zimmermann, Niklaus E. and Guisan, Antoine},
    number = {4},
    month = {4},
    pages = {357--369},
    volume = {11},
    publisher = {Wiley/Blackwell (10.1111)},
    url = {http://doi.wiley.com/10.1111/j.1461-0248.2007.01150.x},
    doi = {10.1111/j.1461-0248.2007.01150.x},
    issn = {1461-023X},
    keywords = {Climate change, Holocene, PMIP, global circulation model, hindcasting, niche conservatism, pollen, range filling, species distribution model}
}

@article{Boxall2003PrioritisationEnvironment,
    title = {{Prioritisation of veterinary medicines in the UK environment}},
    year = {2003},
    journal = {Toxicology Letters},
    author = {Boxall, Alistair B.A. and Fogg, Lindsay A and Kay, Paul and Blackwell, Paul A. and Pemberton, Emma J and Croxford, Andy},
    number = {3},
    pages = {207--218},
    volume = {142},
    isbn = {0378-4274},
    doi = {10.1016/S0378-4274(03)00067-5},
    issn = {03784274},
    pmid = {12691714},
    keywords = {Environmental risk, Monitoring, Pollution, Prioritisation, Veterinary medicine}
}

@article{SchindlerReplicationExperiments,
    title = {{Replication Versus Realism: The Need for Ecosystem-Scale Experiments}},
    author = {Schindler, David W},
    url = {https://link.springer.com/content/pdf/10.1007%2Fs100219900026.pdf},
    keywords = {Experimental Lakes Area, ecosystem experiments, mesocosms, spatial and temporal scales}
}

@article{Earl2003ReviewEnvironment,
    title = {{Review of the Fate and Transport of Selected Contaminants in the Soil Environment}},
    year = {2003},
    journal = {Draft R{\&}D Technical Report P5-079/TR1},
    author = {Earl, N and Cartwright, C.D. and Horrocks, S.J. and Worboys, M. and Swift, S. and Kirton, J.A. and Askan, A.U. and Kelleher, H. and Nancarrow, D.J.},
    pages = {190},
    url = {https://assets.publishing.service.gov.uk/government/uploads/system/uploads/attachment_data/file/290383/scho0904biee-e-e.pdf},
    isbn = {1844 323 145}
}

@misc{SaloAl,
    title = {{Salo et al}}
}

@misc{OECD2014SectionSystems,
    title = {{Section 2: Effects on Biotic Systems}},
    year = {2014},
    booktitle = {OECD Guidelines for the Testing of Chemicals},
    author = {{OECD}},
    month = {4},
    series = {OECD Guidelines for the Testing of Chemicals, Section 2},
    publisher = {OECD},
    url = {https://www.oecd-ilibrary.org/environment/oecd-guidelines-for-the-testing-of-chemicals-section-2-effects-on-biotic-systems_20745761},
    isbn = {20745761},
    doi = {doi.org/10.1787/20745761}
}

@article{Nasir2016SimultaneousMethod,
    title = {{Simultaneous determination of amoxicillin and chloramphenicol and their drug interaction study by the validated UPLC method}},
    year = {2016},
    journal = {Integrative Medicine Research},
    author = {Nasir, Mohammad and Das, Suman and Hasan, Shakhawat},
    number = {5},
    pages = {755--765},
    volume = {10},
    publisher = {Taibah University},
    url = {http://dx.doi.org/10.1016/j.jtusci.2015.11.005},
    doi = {10.1016/j.jtusci.2015.11.005},
    issn = {1658-3655},
    keywords = {amoxicillin, antibiotic, chloramphenicol, drug interaction, uplc method}
}

@article{Palmer2008SourcesWatershed,
    title = {{Sources of pharmaceutical pollution in the New York City Watershed}},
    year = {2008},
    author = {Palmer, Patrick M and Wilson, Lloyd R and Keefe, Patrick O and Sheridan, Robert and King, Thomas and Chen, Chia-yang},
    volume = {4},
    doi = {10.1016/j.scitotenv.2008.01.011}
}

@article{1991The,
    title = {{The Principles of Environmental Justice ( EJ )}},
    year = {1991},
    journal = {October},
    pages = {1991}
}

@article{Backhaus1999TheFischeri,
    title = {{The toxicity of antibiotic agents to the luminescent bacterium Vibrio fischeri}},
    year = {1999},
    journal = {Chemosphere},
    author = {Backhaus, T. and Grimme, L.H.},
    number = {14},
    month = {6},
    pages = {3291--3301},
    volume = {38},
    publisher = {Pergamon},
    url = {https://www.sciencedirect.com/science/article/pii/S0045653598005608},
    doi = {10.1016/S0045-6535(98)00560-8},
    issn = {0045-6535}
}

@article{Noyes2009TheWorld,
    title = {{The toxicology of climate change: Environmental contaminants in a warming world}},
    year = {2009},
    author = {Noyes, Pamela D and Mcelwee, Matthew K and Miller, Hilary D and Clark, Bryan W and Tiem, Lindsey A Van and Walcott, Kia C and Erwin, Kyle N and Levin, Edward D},
    url = {https://dukespace.lib.duke.edu/dspace/bitstream/handle/10161/6983/Noyes%20et%20al.%202009%20climate%20change.pdf;jsessionid=3E4B4258391F533222136CA97E8690CA?sequence=1},
    doi = {10.1016/j.envint.2009.02.006}
}

@article{Lkke2013ToolsStressors,
    title = {{Tools and perspectives for assessing chemical mixtures and multiple stressors}},
    year = {2013},
    journal = {Toxicology},
    author = {L{\o}kke, Hans and Ragas, Ad M.J. and Holmstrup, Martin},
    number = {2-3},
    month = {11},
    pages = {73--82},
    volume = {313},
    publisher = {Elsevier},
    url = {https://www.sciencedirect.com/science/article/pii/S0300483X12004064},
    doi = {10.1016/J.TOX.2012.11.009},
    issn = {0300-483X}
}

@misc{Artigas2012TowardsEcotoxicology,
    title = {{Towards a renewed research agenda in ecotoxicology}},
    year = {2012},
    booktitle = {Environmental Pollution},
    author = {Artigas, Joan and Arts, Gertie and Babut, Marc and Caracciolo, Anna Barra and Charles, Sandrine and Chaumot, Arnaud and Combourieu, Bruno and Dahll??f, Ingela and Despr??aux, Denis and Ferrari, Benoit and Friberg, Nikolai and Garric, Jeanne and Geffard, Olivier and Gourlay-Franc??, Catherine and Hein, Michaela and Hjorth, Morten and Krauss, Martin and De Lange, Hendrika J. and Lahr, Joost and Lehtonen, Kari K. and Lettieri, Teresa and Liess, Matthias and Lofts, Stephen and Mayer, Philipp and Morin, Soizic and Paschke, Albrecht and Svendsen, Claus and Usseglio-Polatera, Philippe and Van Den Brink, Nico and Vindimian, Eric and Williams, Richard},
    number = {1},
    month = {1},
    pages = {201--206},
    volume = {160},
    publisher = {Elsevier},
    url = {http://www.sciencedirect.com/science/article/pii/S0269749111004441},
    isbn = {0269-7491},
    doi = {10.1016/j.envpol.2011.08.011},
    issn = {02697491},
    pmid = {22015334},
    keywords = {Ecotoxicology, Research policy, Risk assessment, Stress ecology}
}

@article{Isidori2005ToxicOrganisms,
    title = {{Toxic and genotoxic evaluation of six antibiotics on non-target organisms}},
    year = {2005},
    author = {Isidori, Marina and Lavorgna, Margherita and Nardelli, Angela and Pascarella, Luigia and Parrella, Alfredo},
    url = {https://ac.els-cdn.com/S0048969704007545/1-s2.0-S0048969704007545-main.pdf?_tid=1fc5d9f4-df01-11e7-a65a-00000aab0f26&acdnat=1513058338_dfc66c798d3d5c0c6da71e233c3d5b85},
    doi = {10.1016/j.scitotenv.2004.11.017},
    keywords = {Acute and chronic toxicity testing, Antibiotics, Genotoxicity, Mutagenesis, Pharmaceuticals, Risk assessment}
}

@article{Ashauer2017ToxicPoison,
    title = {{Toxic Mixtures in Time—The Sequence Makes the Poison}},
    year = {2017},
    journal = {Environmental Science {\&} Technology},
    author = {Ashauer, Roman and O’Connor, Isabel and Escher, Beate I.},
    number = {5},
    month = {3},
    pages = {3084--3092},
    volume = {51},
    publisher = {American Chemical Society},
    url = {http://pubs.acs.org/doi/abs/10.1021/acs.est.6b06163},
    doi = {10.1021/acs.est.6b06163},
    issn = {0013-936X}
}

@article{Tang2015WhatRevisited,
    title = {{What is synergy? The Saariselk{\"{a}} agreement revisited}},
    year = {2015},
    journal = {Frontiers in Pharmacology},
    author = {Tang, Jing and Wennerberg, Krister and Aittokallio, Tero},
    month = {9},
    pages = {181},
    volume = {6},
    publisher = {Frontiers},
    url = {http://journal.frontiersin.org/article/10.3389/fphar.2015.00181},
    doi = {10.3389/fphar.2015.00181},
    issn = {1663-9812},
    keywords = {Bliss and Loewe models, Concensus agreement, Definition of synergy, Drug Combinations, Interaction barometer}
}

@article{Weltje2017WhatProposal,
    title = {{What Makes a Concentration Environmentally Relevant? Critique and a Proposal}},
    year = {2017},
    journal = {Environmental Science {\&} Technology},
    author = {Weltje, Lennart and Sumpter, John P.},
    number = {20},
    month = {10},
    pages = {11520--11521},
    volume = {51},
    publisher = {American Chemical Society},
    url = {http://pubs.acs.org/doi/abs/10.1021/acs.est.7b04673},
    doi = {10.1021/acs.est.7b04673},
    issn = {0013-936X}
}